<?xml version="1.0" ?>
<ENVELOPE>
  <HEADER>
    <TALLYREQUEST>Import Data</TALLYREQUEST>
  </HEADER>
  <BODY>
    <IMPORTDATA>
      <REQUESTDESC>
        <REPORTNAME>Vouchers</REPORTNAME>
        <STATICVARIABLES>
          <SVCURRENTCOMPANY>Test Company</SVCURRENTCOMPANY>
        </STATICVARIABLES>
      </REQUESTDESC>
      <REQUESTDATA>
        <TALLYMESSAGE xmlns:UDF="TallyUDF">
          <VOUCHER VCHTYPE="Sales" ACTION="Create">
            <DATE>20240701</DATE>
            <DISPLAYDATE>01-07-2024</DISPLAYDATE>
            <PERSISTEDVIEW>Accounting Voucher View</PERSISTEDVIEW>
            <VOUCHERTYPENAME>Sales</VOUCHERTYPENAME>
            <VOUCHERNUMBER>SL-00001</VOUCHERNUMBER>
            <NARRATION>Sales entry generated for 2024-07-01</NARRATION>
            <ALLLEDGERENTRIES.LIST>
              <LEDGERNAME>Sales</LEDGERNAME>
              <ISDEEMEDPOSITIVE>No</ISDEEMEDPOSITIVE>
              <AMOUNT>-2830.83</AMOUNT>
            </ALLLEDGERENTRIES.LIST>
            <ALLLEDGERENTRIES.LIST>
              <LEDGERNAME>Cash</LEDGERNAME>
              <ISDEEMEDPOSITIVE>Yes</ISDEEMEDPOSITIVE>
              <AMOUNT>2830.83</AMOUNT>
            </ALLLEDGERENTRIES.LIST>
          </VOUCHER>
        </TALLYMESSAGE>
        <TALLYMESSAGE xmlns:UDF="TallyUDF">
          <VOUCHER VCHTYPE="Sales" ACTION="Create">
            <DATE>20240702</DATE>
            <DISPLAYDATE>02-07-2024</DISPLAYDATE>
            <PERSISTEDVIEW>Accounting Voucher View</PERSISTEDVIEW>
            <VOUCHERTYPENAME>Sales</VOUCHERTYPENAME>
            <VOUCHERNUMBER>SL-00002</VOUCHERNUMBER>
            <NARRATION>Sales entry generated for 2024-07-02</NARRATION>
            <ALLLEDGERENTRIES.LIST>
              <LEDGERNAME>Sales</LEDGERNAME>
              <ISDEEMEDPOSITIVE>No</ISDEEMEDPOSITIVE>
              <AMOUNT>-2898.38</AMOUNT>
            </ALLLEDGERENTRIES.LIST>
            <ALLLEDGERENTRIES.LIST>
              <LEDGERNAME>Cash</LEDGERNAME>
              <ISDEEMEDPOSITIVE>Yes</ISDEEMEDPOSITIVE>
              <AMOUNT>2898.38</AMOUNT>
            </ALLLEDGERENTRIES.LIST>
          </VOUCHER>
        </TALLYMESSAGE>
        <TALLYMESSAGE xmlns:UDF="TallyUDF">
          <VOUCHER VCHTYPE="Sales" ACTION="Create">
            <DATE>20240703</DATE>
            <DISPLAYDATE>03-07-2024</DISPLAYDATE>
            <PERSISTEDVIEW>Accounting Voucher View</PERSISTEDVIEW>
            <VOUCHERTYPENAME>Sales</VOUCHERTYPENAME>
            <VOUCHERNUMBER>SL-00003</VOUCHERNUMBER>
            <NARRATION>Sales entry generated for 2024-07-03</NARRATION>
            <ALLLEDGERENTRIES.LIST>
              <LEDGERNAME>Sales</LEDGERNAME>
              <ISDEEMEDPOSITIVE>No</ISDEEMEDPOSITIVE>
              <AMOUNT>-2868.40</AMOUNT>
            </ALLLEDGERENTRIES.LIST>
            <ALLLEDGERENTRIES.LIST>
              <LEDGERNAME>Cash</LEDGERNAME>
              <ISDEEMEDPOSITIVE>Yes</ISDEEMEDPOSITIVE>
              <AMOUNT>2868.40</AMOUNT>
            </ALLLEDGERENTRIES.LIST>
          </VOUCHER>
        </TALLYMESSAGE>
        <TALLYMESSAGE xmlns:UDF="TallyUDF">
          <VOUCHER VCHTYPE="Sales" ACTION="Create">
            <DATE>20240704</DATE>
            <DISPLAYDATE>04-07-2024</DISPLAYDATE>
            <PERSISTEDVIEW>Accounting Voucher View</PERSISTEDVIEW>
            <VOUCHERTYPENAME>Sales</VOUCHERTYPENAME>
            <VOUCHERNUMBER>SL-00004</VOUCHERNUMBER>
            <NARRATION>Sales entry generated for 2024-07-04</NARRATION>
            <ALLLEDGERENTRIES.LIST>
              <LEDGERNAME>Sales</LEDGERNAME>
              <ISDEEMEDPOSITIVE>No</ISDEEMEDPOSITIVE>
              <AMOUNT>-2188.22</AMOUNT>
            </ALLLEDGERENTRIES.LIST>
            <ALLLEDGERENTRIES.LIST>
              <LEDGERNAME>Cash</LEDGERNAME>
              <ISDEEMEDPOSITIVE>Yes</ISDEEMEDPOSITIVE>
              <AMOUNT>2188.22</AMOUNT>
            </ALLLEDGERENTRIES.LIST>
          </VOUCHER>
        </TALLYMESSAGE>
        <TALLYMESSAGE xmlns:UDF="TallyUDF">
          <VOUCHER VCHTYPE="Sales" ACTION="Create">
            <DATE>20240705</DATE>
            <DISPLAYDATE>05-07-2024</DISPLAYDATE>
            <PERSISTEDVIEW>Accounting Voucher View</PERSISTEDVIEW>
            <VOUCHERTYPENAME>Sales</VOUCHERTYPENAME>
            <VOUCHERNUMBER>SL-00005</VOUCHERNUMBER>
            <NARRATION>Sales entry generated for 2024-07-05</NARRATION>
            <ALLLEDGERENTRIES.LIST>
              <LEDGERNAME>Sales</LEDGERNAME>
              <ISDEEMEDPOSITIVE>No</ISDEEMEDPOSITIVE>
              <AMOUNT>-2354.64</AMOUNT>
            </ALLLEDGERENTRIES.LIST>
            <ALLLEDGERENTRIES.LIST>
              <LEDGERNAME>Cash</LEDGERNAME>
              <ISDEEMEDPOSITIVE>Yes</ISDEEMEDPOSITIVE>
              <AMOUNT>2354.64</AMOUNT>
            </ALLLEDGERENTRIES.LIST>
          </VOUCHER>
        </TALLYMESSAGE>
        <TALLYMESSAGE xmlns:UDF="TallyUDF">
          <VOUCHER VCHTYPE="Sales" ACTION="Create">
            <DATE>20240706</DATE>
            <DISPLAYDATE>06-07-2024</DISPLAYDATE>
            <PERSISTEDVIEW>Accounting Voucher View</PERSISTEDVIEW>
            <VOUCHERTYPENAME>Sales</VOUCHERTYPENAME>
            <VOUCHERNUMBER>SL-00006</VOUCHERNUMBER>
            <NARRATION>Sales entry generated for 2024-07-06</NARRATION>
            <ALLLEDGERENTRIES.LIST>
              <LEDGERNAME>Sales</LEDGERNAME>
              <ISDEEMEDPOSITIVE>No</ISDEEMEDPOSITIVE>
              <AMOUNT>-2432.74</AMOUNT>
            </ALLLEDGERENTRIES.LIST>
            <ALLLEDGERENTRIES.LIST>
              <LEDGERNAME>Cash</LEDGERNAME>
              <ISDEEMEDPOSITIVE>Yes</ISDEEMEDPOSITIVE>
              <AMOUNT>2432.74</AMOUNT>
            </ALLLEDGERENTRIES.LIST>
          </VOUCHER>
        </TALLYMESSAGE>
        <TALLYMESSAGE xmlns:UDF="TallyUDF">
          <VOUCHER VCHTYPE="Sales" ACTION="Create">
            <DATE>20240707</DATE>
            <DISPLAYDATE>07-07-2024</DISPLAYDATE>
            <PERSISTEDVIEW>Accounting Voucher View</PERSISTEDVIEW>
            <VOUCHERTYPENAME>Sales</VOUCHERTYPENAME>
            <VOUCHERNUMBER>SL-00007</VOUCHERNUMBER>
            <NARRATION>Sales entry generated for 2024-07-07</NARRATION>
            <ALLLEDGERENTRIES.LIST>
              <LEDGERNAME>Sales</LEDGERNAME>
              <ISDEEMEDPOSITIVE>No</ISDEEMEDPOSITIVE>
              <AMOUNT>-1762.81</AMOUNT>
            </ALLLEDGERENTRIES.LIST>
            <ALLLEDGERENTRIES.LIST>
              <LEDGERNAME>Cash</LEDGERNAME>
              <ISDEEMEDPOSITIVE>Yes</ISDEEMEDPOSITIVE>
              <AMOUNT>1762.81</AMOUNT>
            </ALLLEDGERENTRIES.LIST>
          </VOUCHER>
        </TALLYMESSAGE>
        <TALLYMESSAGE xmlns:UDF="TallyUDF">
          <VOUCHER VCHTYPE="Sales" ACTION="Create">
            <DATE>20240708</DATE>
            <DISPLAYDATE>08-07-2024</DISPLAYDATE>
            <PERSISTEDVIEW>Accounting Voucher View</PERSISTEDVIEW>
            <VOUCHERTYPENAME>Sales</VOUCHERTYPENAME>
            <VOUCHERNUMBER>SL-00008</VOUCHERNUMBER>
            <NARRATION>Sales entry generated for 2024-07-08</NARRATION>
            <ALLLEDGERENTRIES.LIST>
              <LEDGERNAME>Sales</LEDGERNAME>
              <ISDEEMEDPOSITIVE>No</ISDEEMEDPOSITIVE>
              <AMOUNT>-2482.75</AMOUNT>
            </ALLLEDGERENTRIES.LIST>
            <ALLLEDGERENTRIES.LIST>
              <LEDGERNAME>Cash</LEDGERNAME>
              <ISDEEMEDPOSITIVE>Yes</ISDEEMEDPOSITIVE>
              <AMOUNT>2482.75</AMOUNT>
            </ALLLEDGERENTRIES.LIST>
          </VOUCHER>
        </TALLYMESSAGE>
        <TALLYMESSAGE xmlns:UDF="TallyUDF">
          <VOUCHER VCHTYPE="Sales" ACTION="Create">
            <DATE>20240709</DATE>
            <DISPLAYDATE>09-07-2024</DISPLAYDATE>
            <PERSISTEDVIEW>Accounting Voucher View</PERSISTEDVIEW>
            <VOUCHERTYPENAME>Sales</VOUCHERTYPENAME>
            <VOUCHERNUMBER>SL-00009</VOUCHERNUMBER>
            <NARRATION>Sales entry generated for 2024-07-09</NARRATION>
            <ALLLEDGERENTRIES.LIST>
              <LEDGERNAME>Sales</LEDGERNAME>
              <ISDEEMEDPOSITIVE>No</ISDEEMEDPOSITIVE>
              <AMOUNT>-2617.15</AMOUNT>
            </ALLLEDGERENTRIES.LIST>
            <ALLLEDGERENTRIES.LIST>
              <LEDGERNAME>Cash</LEDGERNAME>
              <ISDEEMEDPOSITIVE>Yes</ISDEEMEDPOSITIVE>
              <AMOUNT>2617.15</AMOUNT>
            </ALLLEDGERENTRIES.LIST>
          </VOUCHER>
        </TALLYMESSAGE>
        <TALLYMESSAGE xmlns:UDF="TallyUDF">
          <VOUCHER VCHTYPE="Sales" ACTION="Create">
            <DATE>20240710</DATE>
            <DISPLAYDATE>10-07-2024</DISPLAYDATE>
            <PERSISTEDVIEW>Accounting Voucher View</PERSISTEDVIEW>
            <VOUCHERTYPENAME>Sales</VOUCHERTYPENAME>
            <VOUCHERNUMBER>SL-00010</VOUCHERNUMBER>
            <NARRATION>Sales entry generated for 2024-07-10</NARRATION>
            <ALLLEDGERENTRIES.LIST>
              <LEDGERNAME>Sales</LEDGERNAME>
              <ISDEEMEDPOSITIVE>No</ISDEEMEDPOSITIVE>
              <AMOUNT>-2512.43</AMOUNT>
            </ALLLEDGERENTRIES.LIST>
            <ALLLEDGERENTRIES.LIST>
              <LEDGERNAME>Cash</LEDGERNAME>
              <ISDEEMEDPOSITIVE>Yes</ISDEEMEDPOSITIVE>
              <AMOUNT>2512.43</AMOUNT>
            </ALLLEDGERENTRIES.LIST>
          </VOUCHER>
        </TALLYMESSAGE>
        <TALLYMESSAGE xmlns:UDF="TallyUDF">
          <VOUCHER VCHTYPE="Sales" ACTION="Create">
            <DATE>20240711</DATE>
            <DISPLAYDATE>11-07-2024</DISPLAYDATE>
            <PERSISTEDVIEW>Accounting Voucher View</PERSISTEDVIEW>
            <VOUCHERTYPENAME>Sales</VOUCHERTYPENAME>
            <VOUCHERNUMBER>SL-00011</VOUCHERNUMBER>
            <NARRATION>Sales entry generated for 2024-07-11</NARRATION>
            <ALLLEDGERENTRIES.LIST>
              <LEDGERNAME>Sales</LEDGERNAME>
              <ISDEEMEDPOSITIVE>No</ISDEEMEDPOSITIVE>
              <AMOUNT>-2611.08</AMOUNT>
            </ALLLEDGERENTRIES.LIST>
            <ALLLEDGERENTRIES.LIST>
              <LEDGERNAME>Cash</LEDGERNAME>
              <ISDEEMEDPOSITIVE>Yes</ISDEEMEDPOSITIVE>
              <AMOUNT>2611.08</AMOUNT>
            </ALLLEDGERENTRIES.LIST>
          </VOUCHER>
        </TALLYMESSAGE>
        <TALLYMESSAGE xmlns:UDF="TallyUDF">
          <VOUCHER VCHTYPE="Sales" ACTION="Create">
            <DATE>20240712</DATE>
            <DISPLAYDATE>12-07-2024</DISPLAYDATE>
            <PERSISTEDVIEW>Accounting Voucher View</PERSISTEDVIEW>
            <VOUCHERTYPENAME>Sales</VOUCHERTYPENAME>
            <VOUCHERNUMBER>SL-00012</VOUCHERNUMBER>
            <NARRATION>Sales entry generated for 2024-07-12</NARRATION>
            <ALLLEDGERENTRIES.LIST>
              <LEDGERNAME>Sales</LEDGERNAME>
              <ISDEEMEDPOSITIVE>No</ISDEEMEDPOSITIVE>
              <AMOUNT>-2095.71</AMOUNT>
            </ALLLEDGERENTRIES.LIST>
            <ALLLEDGERENTRIES.LIST>
              <LEDGERNAME>Cash</LEDGERNAME>
              <ISDEEMEDPOSITIVE>Yes</ISDEEMEDPOSITIVE>
              <AMOUNT>2095.71</AMOUNT>
            </ALLLEDGERENTRIES.LIST>
          </VOUCHER>
        </TALLYMESSAGE>
        <TALLYMESSAGE xmlns:UDF="TallyUDF">
          <VOUCHER VCHTYPE="Sales" ACTION="Create">
            <DATE>20240713</DATE>
            <DISPLAYDATE>13-07-2024</DISPLAYDATE>
            <PERSISTEDVIEW>Accounting Voucher View</PERSISTEDVIEW>
            <VOUCHERTYPENAME>Sales</VOUCHERTYPENAME>
            <VOUCHERNUMBER>SL-00013</VOUCHERNUMBER>
            <NARRATION>Sales entry generated for 2024-07-13</NARRATION>
            <ALLLEDGERENTRIES.LIST>
              <LEDGERNAME>Sales</LEDGERNAME>
              <ISDEEMEDPOSITIVE>No</ISDEEMEDPOSITIVE>
              <AMOUNT>-1816.06</AMOUNT>
            </ALLLEDGERENTRIES.LIST>
            <ALLLEDGERENTRIES.LIST>
              <LEDGERNAME>Cash</LEDGERNAME>
              <ISDEEMEDPOSITIVE>Yes</ISDEEMEDPOSITIVE>
              <AMOUNT>1816.06</AMOUNT>
            </ALLLEDGERENTRIES.LIST>
          </VOUCHER>
        </TALLYMESSAGE>
        <TALLYMESSAGE xmlns:UDF="TallyUDF">
          <VOUCHER VCHTYPE="Sales" ACTION="Create">
            <DATE>20240714</DATE>
            <DISPLAYDATE>14-07-2024</DISPLAYDATE>
            <PERSISTEDVIEW>Accounting Voucher View</PERSISTEDVIEW>
            <VOUCHERTYPENAME>Sales</VOUCHERTYPENAME>
            <VOUCHERNUMBER>SL-00014</VOUCHERNUMBER>
            <NARRATION>Sales entry generated for 2024-07-14</NARRATION>
            <ALLLEDGERENTRIES.LIST>
              <LEDGERNAME>Sales</LEDGERNAME>
              <ISDEEMEDPOSITIVE>No</ISDEEMEDPOSITIVE>
              <AMOUNT>-1819.48</AMOUNT>
            </ALLLEDGERENTRIES.LIST>
            <ALLLEDGERENTRIES.LIST>
              <LEDGERNAME>Cash</LEDGERNAME>
              <ISDEEMEDPOSITIVE>Yes</ISDEEMEDPOSITIVE>
              <AMOUNT>1819.48</AMOUNT>
            </ALLLEDGERENTRIES.LIST>
          </VOUCHER>
        </TALLYMESSAGE>
        <TALLYMESSAGE xmlns:UDF="TallyUDF">
          <VOUCHER VCHTYPE="Sales" ACTION="Create">
            <DATE>20240715</DATE>
            <DISPLAYDATE>15-07-2024</DISPLAYDATE>
            <PERSISTEDVIEW>Accounting Voucher View</PERSISTEDVIEW>
            <VOUCHERTYPENAME>Sales</VOUCHERTYPENAME>
            <VOUCHERNUMBER>SL-00015</VOUCHERNUMBER>
            <NARRATION>Sales entry generated for 2024-07-15</NARRATION>
            <ALLLEDGERENTRIES.LIST>
              <LEDGERNAME>Sales</LEDGERNAME>
              <ISDEEMEDPOSITIVE>No</ISDEEMEDPOSITIVE>
              <AMOUNT>-2029.63</AMOUNT>
            </ALLLEDGERENTRIES.LIST>
            <ALLLEDGERENTRIES.LIST>
              <LEDGERNAME>Cash</LEDGERNAME>
              <ISDEEMEDPOSITIVE>Yes</ISDEEMEDPOSITIVE>
              <AMOUNT>2029.63</AMOUNT>
            </ALLLEDGERENTRIES.LIST>
          </VOUCHER>
        </TALLYMESSAGE>
        <TALLYMESSAGE xmlns:UDF="TallyUDF">
          <VOUCHER VCHTYPE="Sales" ACTION="Create">
            <DATE>20240716</DATE>
            <DISPLAYDATE>16-07-2024</DISPLAYDATE>
            <PERSISTEDVIEW>Accounting Voucher View</PERSISTEDVIEW>
            <VOUCHERTYPENAME>Sales</VOUCHERTYPENAME>
            <VOUCHERNUMBER>SL-00016</VOUCHERNUMBER>
            <NARRATION>Sales entry generated for 2024-07-16</NARRATION>
            <ALLLEDGERENTRIES.LIST>
              <LEDGERNAME>Sales</LEDGERNAME>
              <ISDEEMEDPOSITIVE>No</ISDEEMEDPOSITIVE>
              <AMOUNT>-1976.09</AMOUNT>
            </ALLLEDGERENTRIES.LIST>
            <ALLLEDGERENTRIES.LIST>
              <LEDGERNAME>Cash</LEDGERNAME>
              <ISDEEMEDPOSITIVE>Yes</ISDEEMEDPOSITIVE>
              <AMOUNT>1976.09</AMOUNT>
            </ALLLEDGERENTRIES.LIST>
          </VOUCHER>
        </TALLYMESSAGE>
        <TALLYMESSAGE xmlns:UDF="TallyUDF">
          <VOUCHER VCHTYPE="Sales" ACTION="Create">
            <DATE>20240717</DATE>
            <DISPLAYDATE>17-07-2024</DISPLAYDATE>
            <PERSISTEDVIEW>Accounting Voucher View</PERSISTEDVIEW>
            <VOUCHERTYPENAME>Sales</VOUCHERTYPENAME>
            <VOUCHERNUMBER>SL-00017</VOUCHERNUMBER>
            <NARRATION>Sales entry generated for 2024-07-17</NARRATION>
            <ALLLEDGERENTRIES.LIST>
              <LEDGERNAME>Sales</LEDGERNAME>
              <ISDEEMEDPOSITIVE>No</ISDEEMEDPOSITIVE>
              <AMOUNT>-2176.01</AMOUNT>
            </ALLLEDGERENTRIES.LIST>
            <ALLLEDGERENTRIES.LIST>
              <LEDGERNAME>Cash</LEDGERNAME>
              <ISDEEMEDPOSITIVE>Yes</ISDEEMEDPOSITIVE>
              <AMOUNT>2176.01</AMOUNT>
            </ALLLEDGERENTRIES.LIST>
          </VOUCHER>
        </TALLYMESSAGE>
        <TALLYMESSAGE xmlns:UDF="TallyUDF">
          <VOUCHER VCHTYPE="Sales" ACTION="Create">
            <DATE>20240718</DATE>
            <DISPLAYDATE>18-07-2024</DISPLAYDATE>
            <PERSISTEDVIEW>Accounting Voucher View</PERSISTEDVIEW>
            <VOUCHERTYPENAME>Sales</VOUCHERTYPENAME>
            <VOUCHERNUMBER>SL-00018</VOUCHERNUMBER>
            <NARRATION>Sales entry generated for 2024-07-18</NARRATION>
            <ALLLEDGERENTRIES.LIST>
              <LEDGERNAME>Sales</LEDGERNAME>
              <ISDEEMEDPOSITIVE>No</ISDEEMEDPOSITIVE>
              <AMOUNT>-2498.22</AMOUNT>
            </ALLLEDGERENTRIES.LIST>
            <ALLLEDGERENTRIES.LIST>
              <LEDGERNAME>Cash</LEDGERNAME>
              <ISDEEMEDPOSITIVE>Yes</ISDEEMEDPOSITIVE>
              <AMOUNT>2498.22</AMOUNT>
            </ALLLEDGERENTRIES.LIST>
          </VOUCHER>
        </TALLYMESSAGE>
        <TALLYMESSAGE xmlns:UDF="TallyUDF">
          <VOUCHER VCHTYPE="Sales" ACTION="Create">
            <DATE>20240719</DATE>
            <DISPLAYDATE>19-07-2024</DISPLAYDATE>
            <PERSISTEDVIEW>Accounting Voucher View</PERSISTEDVIEW>
            <VOUCHERTYPENAME>Sales</VOUCHERTYPENAME>
            <VOUCHERNUMBER>SL-00019</VOUCHERNUMBER>
            <NARRATION>Sales entry generated for 2024-07-19</NARRATION>
            <ALLLEDGERENTRIES.LIST>
              <LEDGERNAME>Sales</LEDGERNAME>
              <ISDEEMEDPOSITIVE>No</ISDEEMEDPOSITIVE>
              <AMOUNT>-2549.56</AMOUNT>
            </ALLLEDGERENTRIES.LIST>
            <ALLLEDGERENTRIES.LIST>
              <LEDGERNAME>Cash</LEDGERNAME>
              <ISDEEMEDPOSITIVE>Yes</ISDEEMEDPOSITIVE>
              <AMOUNT>2549.56</AMOUNT>
            </ALLLEDGERENTRIES.LIST>
          </VOUCHER>
        </TALLYMESSAGE>
        <TALLYMESSAGE xmlns:UDF="TallyUDF">
          <VOUCHER VCHTYPE="Sales" ACTION="Create">
            <DATE>20240720</DATE>
            <DISPLAYDATE>20-07-2024</DISPLAYDATE>
            <PERSISTEDVIEW>Accounting Voucher View</PERSISTEDVIEW>
            <VOUCHERTYPENAME>Sales</VOUCHERTYPENAME>
            <VOUCHERNUMBER>SL-00020</VOUCHERNUMBER>
            <NARRATION>Sales entry generated for 2024-07-20</NARRATION>
            <ALLLEDGERENTRIES.LIST>
              <LEDGERNAME>Sales</LEDGERNAME>
              <ISDEEMEDPOSITIVE>No</ISDEEMEDPOSITIVE>
              <AMOUNT>-3032.82</AMOUNT>
            </ALLLEDGERENTRIES.LIST>
            <ALLLEDGERENTRIES.LIST>
              <LEDGERNAME>Cash</LEDGERNAME>
              <ISDEEMEDPOSITIVE>Yes</ISDEEMEDPOSITIVE>
              <AMOUNT>3032.82</AMOUNT>
            </ALLLEDGERENTRIES.LIST>
          </VOUCHER>
        </TALLYMESSAGE>
        <TALLYMESSAGE xmlns:UDF="TallyUDF">
          <VOUCHER VCHTYPE="Sales" ACTION="Create">
            <DATE>20240721</DATE>
            <DISPLAYDATE>21-07-2024</DISPLAYDATE>
            <PERSISTEDVIEW>Accounting Voucher View</PERSISTEDVIEW>
            <VOUCHERTYPENAME>Sales</VOUCHERTYPENAME>
            <VOUCHERNUMBER>SL-00021</VOUCHERNUMBER>
            <NARRATION>Sales entry generated for 2024-07-21</NARRATION>
            <ALLLEDGERENTRIES.LIST>
              <LEDGERNAME>Sales</LEDGERNAME>
              <ISDEEMEDPOSITIVE>No</ISDEEMEDPOSITIVE>
              <AMOUNT>-2962.93</AMOUNT>
            </ALLLEDGERENTRIES.LIST>
            <ALLLEDGERENTRIES.LIST>
              <LEDGERNAME>Cash</LEDGERNAME>
              <ISDEEMEDPOSITIVE>Yes</ISDEEMEDPOSITIVE>
              <AMOUNT>2962.93</AMOUNT>
            </ALLLEDGERENTRIES.LIST>
          </VOUCHER>
        </TALLYMESSAGE>
        <TALLYMESSAGE xmlns:UDF="TallyUDF">
          <VOUCHER VCHTYPE="Sales" ACTION="Create">
            <DATE>20240722</DATE>
            <DISPLAYDATE>22-07-2024</DISPLAYDATE>
            <PERSISTEDVIEW>Accounting Voucher View</PERSISTEDVIEW>
            <VOUCHERTYPENAME>Sales</VOUCHERTYPENAME>
            <VOUCHERNUMBER>SL-00022</VOUCHERNUMBER>
            <NARRATION>Sales entry generated for 2024-07-22</NARRATION>
            <ALLLEDGERENTRIES.LIST>
              <LEDGERNAME>Sales</LEDGERNAME>
              <ISDEEMEDPOSITIVE>No</ISDEEMEDPOSITIVE>
              <AMOUNT>-2285.58</AMOUNT>
            </ALLLEDGERENTRIES.LIST>
            <ALLLEDGERENTRIES.LIST>
              <LEDGERNAME>Cash</LEDGERNAME>
              <ISDEEMEDPOSITIVE>Yes</ISDEEMEDPOSITIVE>
              <AMOUNT>2285.58</AMOUNT>
            </ALLLEDGERENTRIES.LIST>
          </VOUCHER>
        </TALLYMESSAGE>
        <TALLYMESSAGE xmlns:UDF="TallyUDF">
          <VOUCHER VCHTYPE="Sales" ACTION="Create">
            <DATE>20240723</DATE>
            <DISPLAYDATE>23-07-2024</DISPLAYDATE>
            <PERSISTEDVIEW>Accounting Voucher View</PERSISTEDVIEW>
            <VOUCHERTYPENAME>Sales</VOUCHERTYPENAME>
            <VOUCHERNUMBER>SL-00023</VOUCHERNUMBER>
            <NARRATION>Sales entry generated for 2024-07-23</NARRATION>
            <ALLLEDGERENTRIES.LIST>
              <LEDGERNAME>Sales</LEDGERNAME>
              <ISDEEMEDPOSITIVE>No</ISDEEMEDPOSITIVE>
              <AMOUNT>-1834.76</AMOUNT>
            </ALLLEDGERENTRIES.LIST>
            <ALLLEDGERENTRIES.LIST>
              <LEDGERNAME>Cash</LEDGERNAME>
              <ISDEEMEDPOSITIVE>Yes</ISDEEMEDPOSITIVE>
              <AMOUNT>1834.76</AMOUNT>
            </ALLLEDGERENTRIES.LIST>
          </VOUCHER>
        </TALLYMESSAGE>
        <TALLYMESSAGE xmlns:UDF="TallyUDF">
          <VOUCHER VCHTYPE="Sales" ACTION="Create">
            <DATE>20240724</DATE>
            <DISPLAYDATE>24-07-2024</DISPLAYDATE>
            <PERSISTEDVIEW>Accounting Voucher View</PERSISTEDVIEW>
            <VOUCHERTYPENAME>Sales</VOUCHERTYPENAME>
            <VOUCHERNUMBER>SL-00024</VOUCHERNUMBER>
            <NARRATION>Sales entry generated for 2024-07-24</NARRATION>
            <ALLLEDGERENTRIES.LIST>
              <LEDGERNAME>Sales</LEDGERNAME>
              <ISDEEMEDPOSITIVE>No</ISDEEMEDPOSITIVE>
              <AMOUNT>-1708.69</AMOUNT>
            </ALLLEDGERENTRIES.LIST>
            <ALLLEDGERENTRIES.LIST>
              <LEDGERNAME>Cash</LEDGERNAME>
              <ISDEEMEDPOSITIVE>Yes</ISDEEMEDPOSITIVE>
              <AMOUNT>1708.69</AMOUNT>
            </ALLLEDGERENTRIES.LIST>
          </VOUCHER>
        </TALLYMESSAGE>
        <TALLYMESSAGE xmlns:UDF="TallyUDF">
          <VOUCHER VCHTYPE="Sales" ACTION="Create">
            <DATE>20240725</DATE>
            <DISPLAYDATE>25-07-2024</DISPLAYDATE>
            <PERSISTEDVIEW>Accounting Voucher View</PERSISTEDVIEW>
            <VOUCHERTYPENAME>Sales</VOUCHERTYPENAME>
            <VOUCHERNUMBER>SL-00025</VOUCHERNUMBER>
            <NARRATION>Sales entry generated for 2024-07-25</NARRATION>
            <ALLLEDGERENTRIES.LIST>
              <LEDGERNAME>Sales</LEDGERNAME>
              <ISDEEMEDPOSITIVE>No</ISDEEMEDPOSITIVE>
              <AMOUNT>-1799.66</AMOUNT>
            </ALLLEDGERENTRIES.LIST>
            <ALLLEDGERENTRIES.LIST>
              <LEDGERNAME>Cash</LEDGERNAME>
              <ISDEEMEDPOSITIVE>Yes</ISDEEMEDPOSITIVE>
              <AMOUNT>1799.66</AMOUNT>
            </ALLLEDGERENTRIES.LIST>
          </VOUCHER>
        </TALLYMESSAGE>
        <TALLYMESSAGE xmlns:UDF="TallyUDF">
          <VOUCHER VCHTYPE="Sales" ACTION="Create">
            <DATE>20240726</DATE>
            <DISPLAYDATE>26-07-2024</DISPLAYDATE>
            <PERSISTEDVIEW>Accounting Voucher View</PERSISTEDVIEW>
            <VOUCHERTYPENAME>Sales</VOUCHERTYPENAME>
            <VOUCHERNUMBER>SL-00026</VOUCHERNUMBER>
            <NARRATION>Sales entry generated for 2024-07-26</NARRATION>
            <ALLLEDGERENTRIES.LIST>
              <LEDGERNAME>Sales</LEDGERNAME>
              <ISDEEMEDPOSITIVE>No</ISDEEMEDPOSITIVE>
              <AMOUNT>-2717.97</AMOUNT>
            </ALLLEDGERENTRIES.LIST>
            <ALLLEDGERENTRIES.LIST>
              <LEDGERNAME>Cash</LEDGERNAME>
              <ISDEEMEDPOSITIVE>Yes</ISDEEMEDPOSITIVE>
              <AMOUNT>2717.97</AMOUNT>
            </ALLLEDGERENTRIES.LIST>
          </VOUCHER>
        </TALLYMESSAGE>
        <TALLYMESSAGE xmlns:UDF="TallyUDF">
          <VOUCHER VCHTYPE="Sales" ACTION="Create">
            <DATE>20240727</DATE>
            <DISPLAYDATE>27-07-2024</DISPLAYDATE>
            <PERSISTEDVIEW>Accounting Voucher View</PERSISTEDVIEW>
            <VOUCHERTYPENAME>Sales</VOUCHERTYPENAME>
            <VOUCHERNUMBER>SL-00027</VOUCHERNUMBER>
            <NARRATION>Sales entry generated for 2024-07-27</NARRATION>
            <ALLLEDGERENTRIES.LIST>
              <LEDGERNAME>Sales</LEDGERNAME>
              <ISDEEMEDPOSITIVE>No</ISDEEMEDPOSITIVE>
              <AMOUNT>-2674.36</AMOUNT>
            </ALLLEDGERENTRIES.LIST>
            <ALLLEDGERENTRIES.LIST>
              <LEDGERNAME>Cash</LEDGERNAME>
              <ISDEEMEDPOSITIVE>Yes</ISDEEMEDPOSITIVE>
              <AMOUNT>2674.36</AMOUNT>
            </ALLLEDGERENTRIES.LIST>
          </VOUCHER>
        </TALLYMESSAGE>
        <TALLYMESSAGE xmlns:UDF="TallyUDF">
          <VOUCHER VCHTYPE="Sales" ACTION="Create">
            <DATE>20240728</DATE>
            <DISPLAYDATE>28-07-2024</DISPLAYDATE>
            <PERSISTEDVIEW>Accounting Voucher View</PERSISTEDVIEW>
            <VOUCHERTYPENAME>Sales</VOUCHERTYPENAME>
            <VOUCHERNUMBER>SL-00028</VOUCHERNUMBER>
            <NARRATION>Sales entry generated for 2024-07-28</NARRATION>
            <ALLLEDGERENTRIES.LIST>
              <LEDGERNAME>Sales</LEDGERNAME>
              <ISDEEMEDPOSITIVE>No</ISDEEMEDPOSITIVE>
              <AMOUNT>-2824.69</AMOUNT>
            </ALLLEDGERENTRIES.LIST>
            <ALLLEDGERENTRIES.LIST>
              <LEDGERNAME>Cash</LEDGERNAME>
              <ISDEEMEDPOSITIVE>Yes</ISDEEMEDPOSITIVE>
              <AMOUNT>2824.69</AMOUNT>
            </ALLLEDGERENTRIES.LIST>
          </VOUCHER>
        </TALLYMESSAGE>
        <TALLYMESSAGE xmlns:UDF="TallyUDF">
          <VOUCHER VCHTYPE="Sales" ACTION="Create">
            <DATE>20240729</DATE>
            <DISPLAYDATE>29-07-2024</DISPLAYDATE>
            <PERSISTEDVIEW>Accounting Voucher View</PERSISTEDVIEW>
            <VOUCHERTYPENAME>Sales</VOUCHERTYPENAME>
            <VOUCHERNUMBER>SL-00029</VOUCHERNUMBER>
            <NARRATION>Sales entry generated for 2024-07-29</NARRATION>
            <ALLLEDGERENTRIES.LIST>
              <LEDGERNAME>Sales</LEDGERNAME>
              <ISDEEMEDPOSITIVE>No</ISDEEMEDPOSITIVE>
              <AMOUNT>-2114.47</AMOUNT>
            </ALLLEDGERENTRIES.LIST>
            <ALLLEDGERENTRIES.LIST>
              <LEDGERNAME>Cash</LEDGERNAME>
              <ISDEEMEDPOSITIVE>Yes</ISDEEMEDPOSITIVE>
              <AMOUNT>2114.47</AMOUNT>
            </ALLLEDGERENTRIES.LIST>
          </VOUCHER>
        </TALLYMESSAGE>
        <TALLYMESSAGE xmlns:UDF="TallyUDF">
          <VOUCHER VCHTYPE="Sales" ACTION="Create">
            <DATE>20240730</DATE>
            <DISPLAYDATE>30-07-2024</DISPLAYDATE>
            <PERSISTEDVIEW>Accounting Voucher View</PERSISTEDVIEW>
            <VOUCHERTYPENAME>Sales</VOUCHERTYPENAME>
            <VOUCHERNUMBER>SL-00030</VOUCHERNUMBER>
            <NARRATION>Sales entry generated for 2024-07-30</NARRATION>
            <ALLLEDGERENTRIES.LIST>
              <LEDGERNAME>Sales</LEDGERNAME>
              <ISDEEMEDPOSITIVE>No</ISDEEMEDPOSITIVE>
              <AMOUNT>-1806.19</AMOUNT>
            </ALLLEDGERENTRIES.LIST>
            <ALLLEDGERENTRIES.LIST>
              <LEDGERNAME>Cash</LEDGERNAME>
              <ISDEEMEDPOSITIVE>Yes</ISDEEMEDPOSITIVE>
              <AMOUNT>1806.19</AMOUNT>
            </ALLLEDGERENTRIES.LIST>
          </VOUCHER>
        </TALLYMESSAGE>
        <TALLYMESSAGE xmlns:UDF="TallyUDF">
          <VOUCHER VCHTYPE="Sales" ACTION="Create">
            <DATE>20240731</DATE>
            <DISPLAYDATE>31-07-2024</DISPLAYDATE>
            <PERSISTEDVIEW>Accounting Voucher View</PERSISTEDVIEW>
            <VOUCHERTYPENAME>Sales</VOUCHERTYPENAME>
            <VOUCHERNUMBER>SL-00031</VOUCHERNUMBER>
            <NARRATION>Sales entry generated for 2024-07-31</NARRATION>
            <ALLLEDGERENTRIES.LIST>
              <LEDGERNAME>Sales</LEDGERNAME>
              <ISDEEMEDPOSITIVE>No</ISDEEMEDPOSITIVE>
              <AMOUNT>-1717.69</AMOUNT>
            </ALLLEDGERENTRIES.LIST>
            <ALLLEDGERENTRIES.LIST>
              <LEDGERNAME>Cash</LEDGERNAME>
              <ISDEEMEDPOSITIVE>Yes</ISDEEMEDPOSITIVE>
              <AMOUNT>1717.69</AMOUNT>
            </ALLLEDGERENTRIES.LIST>
          </VOUCHER>
        </TALLYMESSAGE>
        <TALLYMESSAGE xmlns:UDF="TallyUDF">
          <VOUCHER VCHTYPE="Sales" ACTION="Create">
            <DATE>20240801</DATE>
            <DISPLAYDATE>01-08-2024</DISPLAYDATE>
            <PERSISTEDVIEW>Accounting Voucher View</PERSISTEDVIEW>
            <VOUCHERTYPENAME>Sales</VOUCHERTYPENAME>
            <VOUCHERNUMBER>SL-00032</VOUCHERNUMBER>
            <NARRATION>Sales entry generated for 2024-08-01</NARRATION>
            <ALLLEDGERENTRIES.LIST>
              <LEDGERNAME>Sales</LEDGERNAME>
              <ISDEEMEDPOSITIVE>No</ISDEEMEDPOSITIVE>
              <AMOUNT>-3266.43</AMOUNT>
            </ALLLEDGERENTRIES.LIST>
            <ALLLEDGERENTRIES.LIST>
              <LEDGERNAME>Cash</LEDGERNAME>
              <ISDEEMEDPOSITIVE>Yes</ISDEEMEDPOSITIVE>
              <AMOUNT>3266.43</AMOUNT>
            </ALLLEDGERENTRIES.LIST>
          </VOUCHER>
        </TALLYMESSAGE>
        <TALLYMESSAGE xmlns:UDF="TallyUDF">
          <VOUCHER VCHTYPE="Sales" ACTION="Create">
            <DATE>20240802</DATE>
            <DISPLAYDATE>02-08-2024</DISPLAYDATE>
            <PERSISTEDVIEW>Accounting Voucher View</PERSISTEDVIEW>
            <VOUCHERTYPENAME>Sales</VOUCHERTYPENAME>
            <VOUCHERNUMBER>SL-00033</VOUCHERNUMBER>
            <NARRATION>Sales entry generated for 2024-08-02</NARRATION>
            <ALLLEDGERENTRIES.LIST>
              <LEDGERNAME>Sales</LEDGERNAME>
              <ISDEEMEDPOSITIVE>No</ISDEEMEDPOSITIVE>
              <AMOUNT>-2516.92</AMOUNT>
            </ALLLEDGERENTRIES.LIST>
            <ALLLEDGERENTRIES.LIST>
              <LEDGERNAME>Cash</LEDGERNAME>
              <ISDEEMEDPOSITIVE>Yes</ISDEEMEDPOSITIVE>
              <AMOUNT>2516.92</AMOUNT>
            </ALLLEDGERENTRIES.LIST>
          </VOUCHER>
        </TALLYMESSAGE>
        <TALLYMESSAGE xmlns:UDF="TallyUDF">
          <VOUCHER VCHTYPE="Sales" ACTION="Create">
            <DATE>20240803</DATE>
            <DISPLAYDATE>03-08-2024</DISPLAYDATE>
            <PERSISTEDVIEW>Accounting Voucher View</PERSISTEDVIEW>
            <VOUCHERTYPENAME>Sales</VOUCHERTYPENAME>
            <VOUCHERNUMBER>SL-00034</VOUCHERNUMBER>
            <NARRATION>Sales entry generated for 2024-08-03</NARRATION>
            <ALLLEDGERENTRIES.LIST>
              <LEDGERNAME>Sales</LEDGERNAME>
              <ISDEEMEDPOSITIVE>No</ISDEEMEDPOSITIVE>
              <AMOUNT>-3148.50</AMOUNT>
            </ALLLEDGERENTRIES.LIST>
            <ALLLEDGERENTRIES.LIST>
              <LEDGERNAME>Cash</LEDGERNAME>
              <ISDEEMEDPOSITIVE>Yes</ISDEEMEDPOSITIVE>
              <AMOUNT>3148.50</AMOUNT>
            </ALLLEDGERENTRIES.LIST>
          </VOUCHER>
        </TALLYMESSAGE>
        <TALLYMESSAGE xmlns:UDF="TallyUDF">
          <VOUCHER VCHTYPE="Sales" ACTION="Create">
            <DATE>20240804</DATE>
            <DISPLAYDATE>04-08-2024</DISPLAYDATE>
            <PERSISTEDVIEW>Accounting Voucher View</PERSISTEDVIEW>
            <VOUCHERTYPENAME>Sales</VOUCHERTYPENAME>
            <VOUCHERNUMBER>SL-00035</VOUCHERNUMBER>
            <NARRATION>Sales entry generated for 2024-08-04</NARRATION>
            <ALLLEDGERENTRIES.LIST>
              <LEDGERNAME>Sales</LEDGERNAME>
              <ISDEEMEDPOSITIVE>No</ISDEEMEDPOSITIVE>
              <AMOUNT>-2005.64</AMOUNT>
            </ALLLEDGERENTRIES.LIST>
            <ALLLEDGERENTRIES.LIST>
              <LEDGERNAME>Cash</LEDGERNAME>
              <ISDEEMEDPOSITIVE>Yes</ISDEEMEDPOSITIVE>
              <AMOUNT>2005.64</AMOUNT>
            </ALLLEDGERENTRIES.LIST>
          </VOUCHER>
        </TALLYMESSAGE>
        <TALLYMESSAGE xmlns:UDF="TallyUDF">
          <VOUCHER VCHTYPE="Sales" ACTION="Create">
            <DATE>20240805</DATE>
            <DISPLAYDATE>05-08-2024</DISPLAYDATE>
            <PERSISTEDVIEW>Accounting Voucher View</PERSISTEDVIEW>
            <VOUCHERTYPENAME>Sales</VOUCHERTYPENAME>
            <VOUCHERNUMBER>SL-00036</VOUCHERNUMBER>
            <NARRATION>Sales entry generated for 2024-08-05</NARRATION>
            <ALLLEDGERENTRIES.LIST>
              <LEDGERNAME>Sales</LEDGERNAME>
              <ISDEEMEDPOSITIVE>No</ISDEEMEDPOSITIVE>
              <AMOUNT>-2705.28</AMOUNT>
            </ALLLEDGERENTRIES.LIST>
            <ALLLEDGERENTRIES.LIST>
              <LEDGERNAME>Cash</LEDGERNAME>
              <ISDEEMEDPOSITIVE>Yes</ISDEEMEDPOSITIVE>
              <AMOUNT>2705.28</AMOUNT>
            </ALLLEDGERENTRIES.LIST>
          </VOUCHER>
        </TALLYMESSAGE>
        <TALLYMESSAGE xmlns:UDF="TallyUDF">
          <VOUCHER VCHTYPE="Sales" ACTION="Create">
            <DATE>20240806</DATE>
            <DISPLAYDATE>06-08-2024</DISPLAYDATE>
            <PERSISTEDVIEW>Accounting Voucher View</PERSISTEDVIEW>
            <VOUCHERTYPENAME>Sales</VOUCHERTYPENAME>
            <VOUCHERNUMBER>SL-00037</VOUCHERNUMBER>
            <NARRATION>Sales entry generated for 2024-08-06</NARRATION>
            <ALLLEDGERENTRIES.LIST>
              <LEDGERNAME>Sales</LEDGERNAME>
              <ISDEEMEDPOSITIVE>No</ISDEEMEDPOSITIVE>
              <AMOUNT>-2763.49</AMOUNT>
            </ALLLEDGERENTRIES.LIST>
            <ALLLEDGERENTRIES.LIST>
              <LEDGERNAME>Cash</LEDGERNAME>
              <ISDEEMEDPOSITIVE>Yes</ISDEEMEDPOSITIVE>
              <AMOUNT>2763.49</AMOUNT>
            </ALLLEDGERENTRIES.LIST>
          </VOUCHER>
        </TALLYMESSAGE>
        <TALLYMESSAGE xmlns:UDF="TallyUDF">
          <VOUCHER VCHTYPE="Sales" ACTION="Create">
            <DATE>20240807</DATE>
            <DISPLAYDATE>07-08-2024</DISPLAYDATE>
            <PERSISTEDVIEW>Accounting Voucher View</PERSISTEDVIEW>
            <VOUCHERTYPENAME>Sales</VOUCHERTYPENAME>
            <VOUCHERNUMBER>SL-00038</VOUCHERNUMBER>
            <NARRATION>Sales entry generated for 2024-08-07</NARRATION>
            <ALLLEDGERENTRIES.LIST>
              <LEDGERNAME>Sales</LEDGERNAME>
              <ISDEEMEDPOSITIVE>No</ISDEEMEDPOSITIVE>
              <AMOUNT>-2155.83</AMOUNT>
            </ALLLEDGERENTRIES.LIST>
            <ALLLEDGERENTRIES.LIST>
              <LEDGERNAME>Cash</LEDGERNAME>
              <ISDEEMEDPOSITIVE>Yes</ISDEEMEDPOSITIVE>
              <AMOUNT>2155.83</AMOUNT>
            </ALLLEDGERENTRIES.LIST>
          </VOUCHER>
        </TALLYMESSAGE>
        <TALLYMESSAGE xmlns:UDF="TallyUDF">
          <VOUCHER VCHTYPE="Sales" ACTION="Create">
            <DATE>20240808</DATE>
            <DISPLAYDATE>08-08-2024</DISPLAYDATE>
            <PERSISTEDVIEW>Accounting Voucher View</PERSISTEDVIEW>
            <VOUCHERTYPENAME>Sales</VOUCHERTYPENAME>
            <VOUCHERNUMBER>SL-00039</VOUCHERNUMBER>
            <NARRATION>Sales entry generated for 2024-08-08</NARRATION>
            <ALLLEDGERENTRIES.LIST>
              <LEDGERNAME>Sales</LEDGERNAME>
              <ISDEEMEDPOSITIVE>No</ISDEEMEDPOSITIVE>
              <AMOUNT>-2621.99</AMOUNT>
            </ALLLEDGERENTRIES.LIST>
            <ALLLEDGERENTRIES.LIST>
              <LEDGERNAME>Cash</LEDGERNAME>
              <ISDEEMEDPOSITIVE>Yes</ISDEEMEDPOSITIVE>
              <AMOUNT>2621.99</AMOUNT>
            </ALLLEDGERENTRIES.LIST>
          </VOUCHER>
        </TALLYMESSAGE>
        <TALLYMESSAGE xmlns:UDF="TallyUDF">
          <VOUCHER VCHTYPE="Sales" ACTION="Create">
            <DATE>20240809</DATE>
            <DISPLAYDATE>09-08-2024</DISPLAYDATE>
            <PERSISTEDVIEW>Accounting Voucher View</PERSISTEDVIEW>
            <VOUCHERTYPENAME>Sales</VOUCHERTYPENAME>
            <VOUCHERNUMBER>SL-00040</VOUCHERNUMBER>
            <NARRATION>Sales entry generated for 2024-08-09</NARRATION>
            <ALLLEDGERENTRIES.LIST>
              <LEDGERNAME>Sales</LEDGERNAME>
              <ISDEEMEDPOSITIVE>No</ISDEEMEDPOSITIVE>
              <AMOUNT>-2699.14</AMOUNT>
            </ALLLEDGERENTRIES.LIST>
            <ALLLEDGERENTRIES.LIST>
              <LEDGERNAME>Cash</LEDGERNAME>
              <ISDEEMEDPOSITIVE>Yes</ISDEEMEDPOSITIVE>
              <AMOUNT>2699.14</AMOUNT>
            </ALLLEDGERENTRIES.LIST>
          </VOUCHER>
        </TALLYMESSAGE>
        <TALLYMESSAGE xmlns:UDF="TallyUDF">
          <VOUCHER VCHTYPE="Sales" ACTION="Create">
            <DATE>20240810</DATE>
            <DISPLAYDATE>10-08-2024</DISPLAYDATE>
            <PERSISTEDVIEW>Accounting Voucher View</PERSISTEDVIEW>
            <VOUCHERTYPENAME>Sales</VOUCHERTYPENAME>
            <VOUCHERNUMBER>SL-00041</VOUCHERNUMBER>
            <NARRATION>Sales entry generated for 2024-08-10</NARRATION>
            <ALLLEDGERENTRIES.LIST>
              <LEDGERNAME>Sales</LEDGERNAME>
              <ISDEEMEDPOSITIVE>No</ISDEEMEDPOSITIVE>
              <AMOUNT>-2199.55</AMOUNT>
            </ALLLEDGERENTRIES.LIST>
            <ALLLEDGERENTRIES.LIST>
              <LEDGERNAME>Cash</LEDGERNAME>
              <ISDEEMEDPOSITIVE>Yes</ISDEEMEDPOSITIVE>
              <AMOUNT>2199.55</AMOUNT>
            </ALLLEDGERENTRIES.LIST>
          </VOUCHER>
        </TALLYMESSAGE>
        <TALLYMESSAGE xmlns:UDF="TallyUDF">
          <VOUCHER VCHTYPE="Sales" ACTION="Create">
            <DATE>20240811</DATE>
            <DISPLAYDATE>11-08-2024</DISPLAYDATE>
            <PERSISTEDVIEW>Accounting Voucher View</PERSISTEDVIEW>
            <VOUCHERTYPENAME>Sales</VOUCHERTYPENAME>
            <VOUCHERNUMBER>SL-00042</VOUCHERNUMBER>
            <NARRATION>Sales entry generated for 2024-08-11</NARRATION>
            <ALLLEDGERENTRIES.LIST>
              <LEDGERNAME>Sales</LEDGERNAME>
              <ISDEEMEDPOSITIVE>No</ISDEEMEDPOSITIVE>
              <AMOUNT>-2892.24</AMOUNT>
            </ALLLEDGERENTRIES.LIST>
            <ALLLEDGERENTRIES.LIST>
              <LEDGERNAME>Cash</LEDGERNAME>
              <ISDEEMEDPOSITIVE>Yes</ISDEEMEDPOSITIVE>
              <AMOUNT>2892.24</AMOUNT>
            </ALLLEDGERENTRIES.LIST>
          </VOUCHER>
        </TALLYMESSAGE>
        <TALLYMESSAGE xmlns:UDF="TallyUDF">
          <VOUCHER VCHTYPE="Sales" ACTION="Create">
            <DATE>20240812</DATE>
            <DISPLAYDATE>12-08-2024</DISPLAYDATE>
            <PERSISTEDVIEW>Accounting Voucher View</PERSISTEDVIEW>
            <VOUCHERTYPENAME>Sales</VOUCHERTYPENAME>
            <VOUCHERNUMBER>SL-00043</VOUCHERNUMBER>
            <NARRATION>Sales entry generated for 2024-08-12</NARRATION>
            <ALLLEDGERENTRIES.LIST>
              <LEDGERNAME>Sales</LEDGERNAME>
              <ISDEEMEDPOSITIVE>No</ISDEEMEDPOSITIVE>
              <AMOUNT>-2217.73</AMOUNT>
            </ALLLEDGERENTRIES.LIST>
            <ALLLEDGERENTRIES.LIST>
              <LEDGERNAME>Cash</LEDGERNAME>
              <ISDEEMEDPOSITIVE>Yes</ISDEEMEDPOSITIVE>
              <AMOUNT>2217.73</AMOUNT>
            </ALLLEDGERENTRIES.LIST>
          </VOUCHER>
        </TALLYMESSAGE>
        <TALLYMESSAGE xmlns:UDF="TallyUDF">
          <VOUCHER VCHTYPE="Sales" ACTION="Create">
            <DATE>20240813</DATE>
            <DISPLAYDATE>13-08-2024</DISPLAYDATE>
            <PERSISTEDVIEW>Accounting Voucher View</PERSISTEDVIEW>
            <VOUCHERTYPENAME>Sales</VOUCHERTYPENAME>
            <VOUCHERNUMBER>SL-00044</VOUCHERNUMBER>
            <NARRATION>Sales entry generated for 2024-08-13</NARRATION>
            <ALLLEDGERENTRIES.LIST>
              <LEDGERNAME>Sales</LEDGERNAME>
              <ISDEEMEDPOSITIVE>No</ISDEEMEDPOSITIVE>
              <AMOUNT>-2693.85</AMOUNT>
            </ALLLEDGERENTRIES.LIST>
            <ALLLEDGERENTRIES.LIST>
              <LEDGERNAME>Cash</LEDGERNAME>
              <ISDEEMEDPOSITIVE>Yes</ISDEEMEDPOSITIVE>
              <AMOUNT>2693.85</AMOUNT>
            </ALLLEDGERENTRIES.LIST>
          </VOUCHER>
        </TALLYMESSAGE>
        <TALLYMESSAGE xmlns:UDF="TallyUDF">
          <VOUCHER VCHTYPE="Sales" ACTION="Create">
            <DATE>20240814</DATE>
            <DISPLAYDATE>14-08-2024</DISPLAYDATE>
            <PERSISTEDVIEW>Accounting Voucher View</PERSISTEDVIEW>
            <VOUCHERTYPENAME>Sales</VOUCHERTYPENAME>
            <VOUCHERNUMBER>SL-00045</VOUCHERNUMBER>
            <NARRATION>Sales entry generated for 2024-08-14</NARRATION>
            <ALLLEDGERENTRIES.LIST>
              <LEDGERNAME>Sales</LEDGERNAME>
              <ISDEEMEDPOSITIVE>No</ISDEEMEDPOSITIVE>
              <AMOUNT>-3115.46</AMOUNT>
            </ALLLEDGERENTRIES.LIST>
            <ALLLEDGERENTRIES.LIST>
              <LEDGERNAME>Cash</LEDGERNAME>
              <ISDEEMEDPOSITIVE>Yes</ISDEEMEDPOSITIVE>
              <AMOUNT>3115.46</AMOUNT>
            </ALLLEDGERENTRIES.LIST>
          </VOUCHER>
        </TALLYMESSAGE>
        <TALLYMESSAGE xmlns:UDF="TallyUDF">
          <VOUCHER VCHTYPE="Sales" ACTION="Create">
            <DATE>20240815</DATE>
            <DISPLAYDATE>15-08-2024</DISPLAYDATE>
            <PERSISTEDVIEW>Accounting Voucher View</PERSISTEDVIEW>
            <VOUCHERTYPENAME>Sales</VOUCHERTYPENAME>
            <VOUCHERNUMBER>SL-00046</VOUCHERNUMBER>
            <NARRATION>Sales entry generated for 2024-08-15</NARRATION>
            <ALLLEDGERENTRIES.LIST>
              <LEDGERNAME>Sales</LEDGERNAME>
              <ISDEEMEDPOSITIVE>No</ISDEEMEDPOSITIVE>
              <AMOUNT>-3451.13</AMOUNT>
            </ALLLEDGERENTRIES.LIST>
            <ALLLEDGERENTRIES.LIST>
              <LEDGERNAME>Cash</LEDGERNAME>
              <ISDEEMEDPOSITIVE>Yes</ISDEEMEDPOSITIVE>
              <AMOUNT>3451.13</AMOUNT>
            </ALLLEDGERENTRIES.LIST>
          </VOUCHER>
        </TALLYMESSAGE>
        <TALLYMESSAGE xmlns:UDF="TallyUDF">
          <VOUCHER VCHTYPE="Sales" ACTION="Create">
            <DATE>20240816</DATE>
            <DISPLAYDATE>16-08-2024</DISPLAYDATE>
            <PERSISTEDVIEW>Accounting Voucher View</PERSISTEDVIEW>
            <VOUCHERTYPENAME>Sales</VOUCHERTYPENAME>
            <VOUCHERNUMBER>SL-00047</VOUCHERNUMBER>
            <NARRATION>Sales entry generated for 2024-08-16</NARRATION>
            <ALLLEDGERENTRIES.LIST>
              <LEDGERNAME>Sales</LEDGERNAME>
              <ISDEEMEDPOSITIVE>No</ISDEEMEDPOSITIVE>
              <AMOUNT>-2938.22</AMOUNT>
            </ALLLEDGERENTRIES.LIST>
            <ALLLEDGERENTRIES.LIST>
              <LEDGERNAME>Cash</LEDGERNAME>
              <ISDEEMEDPOSITIVE>Yes</ISDEEMEDPOSITIVE>
              <AMOUNT>2938.22</AMOUNT>
            </ALLLEDGERENTRIES.LIST>
          </VOUCHER>
        </TALLYMESSAGE>
        <TALLYMESSAGE xmlns:UDF="TallyUDF">
          <VOUCHER VCHTYPE="Sales" ACTION="Create">
            <DATE>20240817</DATE>
            <DISPLAYDATE>17-08-2024</DISPLAYDATE>
            <PERSISTEDVIEW>Accounting Voucher View</PERSISTEDVIEW>
            <VOUCHERTYPENAME>Sales</VOUCHERTYPENAME>
            <VOUCHERNUMBER>SL-00048</VOUCHERNUMBER>
            <NARRATION>Sales entry generated for 2024-08-17</NARRATION>
            <ALLLEDGERENTRIES.LIST>
              <LEDGERNAME>Sales</LEDGERNAME>
              <ISDEEMEDPOSITIVE>No</ISDEEMEDPOSITIVE>
              <AMOUNT>-3378.11</AMOUNT>
            </ALLLEDGERENTRIES.LIST>
            <ALLLEDGERENTRIES.LIST>
              <LEDGERNAME>Cash</LEDGERNAME>
              <ISDEEMEDPOSITIVE>Yes</ISDEEMEDPOSITIVE>
              <AMOUNT>3378.11</AMOUNT>
            </ALLLEDGERENTRIES.LIST>
          </VOUCHER>
        </TALLYMESSAGE>
        <TALLYMESSAGE xmlns:UDF="TallyUDF">
          <VOUCHER VCHTYPE="Sales" ACTION="Create">
            <DATE>20240818</DATE>
            <DISPLAYDATE>18-08-2024</DISPLAYDATE>
            <PERSISTEDVIEW>Accounting Voucher View</PERSISTEDVIEW>
            <VOUCHERTYPENAME>Sales</VOUCHERTYPENAME>
            <VOUCHERNUMBER>SL-00049</VOUCHERNUMBER>
            <NARRATION>Sales entry generated for 2024-08-18</NARRATION>
            <ALLLEDGERENTRIES.LIST>
              <LEDGERNAME>Sales</LEDGERNAME>
              <ISDEEMEDPOSITIVE>No</ISDEEMEDPOSITIVE>
              <AMOUNT>-3059.89</AMOUNT>
            </ALLLEDGERENTRIES.LIST>
            <ALLLEDGERENTRIES.LIST>
              <LEDGERNAME>Cash</LEDGERNAME>
              <ISDEEMEDPOSITIVE>Yes</ISDEEMEDPOSITIVE>
              <AMOUNT>3059.89</AMOUNT>
            </ALLLEDGERENTRIES.LIST>
          </VOUCHER>
        </TALLYMESSAGE>
        <TALLYMESSAGE xmlns:UDF="TallyUDF">
          <VOUCHER VCHTYPE="Sales" ACTION="Create">
            <DATE>20240819</DATE>
            <DISPLAYDATE>19-08-2024</DISPLAYDATE>
            <PERSISTEDVIEW>Accounting Voucher View</PERSISTEDVIEW>
            <VOUCHERTYPENAME>Sales</VOUCHERTYPENAME>
            <VOUCHERNUMBER>SL-00050</VOUCHERNUMBER>
            <NARRATION>Sales entry generated for 2024-08-19</NARRATION>
            <ALLLEDGERENTRIES.LIST>
              <LEDGERNAME>Sales</LEDGERNAME>
              <ISDEEMEDPOSITIVE>No</ISDEEMEDPOSITIVE>
              <AMOUNT>-2518.66</AMOUNT>
            </ALLLEDGERENTRIES.LIST>
            <ALLLEDGERENTRIES.LIST>
              <LEDGERNAME>Cash</LEDGERNAME>
              <ISDEEMEDPOSITIVE>Yes</ISDEEMEDPOSITIVE>
              <AMOUNT>2518.66</AMOUNT>
            </ALLLEDGERENTRIES.LIST>
          </VOUCHER>
        </TALLYMESSAGE>
        <TALLYMESSAGE xmlns:UDF="TallyUDF">
          <VOUCHER VCHTYPE="Sales" ACTION="Create">
            <DATE>20240820</DATE>
            <DISPLAYDATE>20-08-2024</DISPLAYDATE>
            <PERSISTEDVIEW>Accounting Voucher View</PERSISTEDVIEW>
            <VOUCHERTYPENAME>Sales</VOUCHERTYPENAME>
            <VOUCHERNUMBER>SL-00051</VOUCHERNUMBER>
            <NARRATION>Sales entry generated for 2024-08-20</NARRATION>
            <ALLLEDGERENTRIES.LIST>
              <LEDGERNAME>Sales</LEDGERNAME>
              <ISDEEMEDPOSITIVE>No</ISDEEMEDPOSITIVE>
              <AMOUNT>-2776.09</AMOUNT>
            </ALLLEDGERENTRIES.LIST>
            <ALLLEDGERENTRIES.LIST>
              <LEDGERNAME>Cash</LEDGERNAME>
              <ISDEEMEDPOSITIVE>Yes</ISDEEMEDPOSITIVE>
              <AMOUNT>2776.09</AMOUNT>
            </ALLLEDGERENTRIES.LIST>
          </VOUCHER>
        </TALLYMESSAGE>
        <TALLYMESSAGE xmlns:UDF="TallyUDF">
          <VOUCHER VCHTYPE="Sales" ACTION="Create">
            <DATE>20240821</DATE>
            <DISPLAYDATE>21-08-2024</DISPLAYDATE>
            <PERSISTEDVIEW>Accounting Voucher View</PERSISTEDVIEW>
            <VOUCHERTYPENAME>Sales</VOUCHERTYPENAME>
            <VOUCHERNUMBER>SL-00052</VOUCHERNUMBER>
            <NARRATION>Sales entry generated for 2024-08-21</NARRATION>
            <ALLLEDGERENTRIES.LIST>
              <LEDGERNAME>Sales</LEDGERNAME>
              <ISDEEMEDPOSITIVE>No</ISDEEMEDPOSITIVE>
              <AMOUNT>-3287.38</AMOUNT>
            </ALLLEDGERENTRIES.LIST>
            <ALLLEDGERENTRIES.LIST>
              <LEDGERNAME>Cash</LEDGERNAME>
              <ISDEEMEDPOSITIVE>Yes</ISDEEMEDPOSITIVE>
              <AMOUNT>3287.38</AMOUNT>
            </ALLLEDGERENTRIES.LIST>
          </VOUCHER>
        </TALLYMESSAGE>
        <TALLYMESSAGE xmlns:UDF="TallyUDF">
          <VOUCHER VCHTYPE="Sales" ACTION="Create">
            <DATE>20240822</DATE>
            <DISPLAYDATE>22-08-2024</DISPLAYDATE>
            <PERSISTEDVIEW>Accounting Voucher View</PERSISTEDVIEW>
            <VOUCHERTYPENAME>Sales</VOUCHERTYPENAME>
            <VOUCHERNUMBER>SL-00053</VOUCHERNUMBER>
            <NARRATION>Sales entry generated for 2024-08-22</NARRATION>
            <ALLLEDGERENTRIES.LIST>
              <LEDGERNAME>Sales</LEDGERNAME>
              <ISDEEMEDPOSITIVE>No</ISDEEMEDPOSITIVE>
              <AMOUNT>-2129.06</AMOUNT>
            </ALLLEDGERENTRIES.LIST>
            <ALLLEDGERENTRIES.LIST>
              <LEDGERNAME>Cash</LEDGERNAME>
              <ISDEEMEDPOSITIVE>Yes</ISDEEMEDPOSITIVE>
              <AMOUNT>2129.06</AMOUNT>
            </ALLLEDGERENTRIES.LIST>
          </VOUCHER>
        </TALLYMESSAGE>
        <TALLYMESSAGE xmlns:UDF="TallyUDF">
          <VOUCHER VCHTYPE="Sales" ACTION="Create">
            <DATE>20240823</DATE>
            <DISPLAYDATE>23-08-2024</DISPLAYDATE>
            <PERSISTEDVIEW>Accounting Voucher View</PERSISTEDVIEW>
            <VOUCHERTYPENAME>Sales</VOUCHERTYPENAME>
            <VOUCHERNUMBER>SL-00054</VOUCHERNUMBER>
            <NARRATION>Sales entry generated for 2024-08-23</NARRATION>
            <ALLLEDGERENTRIES.LIST>
              <LEDGERNAME>Sales</LEDGERNAME>
              <ISDEEMEDPOSITIVE>No</ISDEEMEDPOSITIVE>
              <AMOUNT>-2040.85</AMOUNT>
            </ALLLEDGERENTRIES.LIST>
            <ALLLEDGERENTRIES.LIST>
              <LEDGERNAME>Cash</LEDGERNAME>
              <ISDEEMEDPOSITIVE>Yes</ISDEEMEDPOSITIVE>
              <AMOUNT>2040.85</AMOUNT>
            </ALLLEDGERENTRIES.LIST>
          </VOUCHER>
        </TALLYMESSAGE>
        <TALLYMESSAGE xmlns:UDF="TallyUDF">
          <VOUCHER VCHTYPE="Sales" ACTION="Create">
            <DATE>20240824</DATE>
            <DISPLAYDATE>24-08-2024</DISPLAYDATE>
            <PERSISTEDVIEW>Accounting Voucher View</PERSISTEDVIEW>
            <VOUCHERTYPENAME>Sales</VOUCHERTYPENAME>
            <VOUCHERNUMBER>SL-00055</VOUCHERNUMBER>
            <NARRATION>Sales entry generated for 2024-08-24</NARRATION>
            <ALLLEDGERENTRIES.LIST>
              <LEDGERNAME>Sales</LEDGERNAME>
              <ISDEEMEDPOSITIVE>No</ISDEEMEDPOSITIVE>
              <AMOUNT>-2022.99</AMOUNT>
            </ALLLEDGERENTRIES.LIST>
            <ALLLEDGERENTRIES.LIST>
              <LEDGERNAME>Cash</LEDGERNAME>
              <ISDEEMEDPOSITIVE>Yes</ISDEEMEDPOSITIVE>
              <AMOUNT>2022.99</AMOUNT>
            </ALLLEDGERENTRIES.LIST>
          </VOUCHER>
        </TALLYMESSAGE>
        <TALLYMESSAGE xmlns:UDF="TallyUDF">
          <VOUCHER VCHTYPE="Sales" ACTION="Create">
            <DATE>20240825</DATE>
            <DISPLAYDATE>25-08-2024</DISPLAYDATE>
            <PERSISTEDVIEW>Accounting Voucher View</PERSISTEDVIEW>
            <VOUCHERTYPENAME>Sales</VOUCHERTYPENAME>
            <VOUCHERNUMBER>SL-00056</VOUCHERNUMBER>
            <NARRATION>Sales entry generated for 2024-08-25</NARRATION>
            <ALLLEDGERENTRIES.LIST>
              <LEDGERNAME>Sales</LEDGERNAME>
              <ISDEEMEDPOSITIVE>No</ISDEEMEDPOSITIVE>
              <AMOUNT>-2902.35</AMOUNT>
            </ALLLEDGERENTRIES.LIST>
            <ALLLEDGERENTRIES.LIST>
              <LEDGERNAME>Cash</LEDGERNAME>
              <ISDEEMEDPOSITIVE>Yes</ISDEEMEDPOSITIVE>
              <AMOUNT>2902.35</AMOUNT>
            </ALLLEDGERENTRIES.LIST>
          </VOUCHER>
        </TALLYMESSAGE>
        <TALLYMESSAGE xmlns:UDF="TallyUDF">
          <VOUCHER VCHTYPE="Sales" ACTION="Create">
            <DATE>20240826</DATE>
            <DISPLAYDATE>26-08-2024</DISPLAYDATE>
            <PERSISTEDVIEW>Accounting Voucher View</PERSISTEDVIEW>
            <VOUCHERTYPENAME>Sales</VOUCHERTYPENAME>
            <VOUCHERNUMBER>SL-00057</VOUCHERNUMBER>
            <NARRATION>Sales entry generated for 2024-08-26</NARRATION>
            <ALLLEDGERENTRIES.LIST>
              <LEDGERNAME>Sales</LEDGERNAME>
              <ISDEEMEDPOSITIVE>No</ISDEEMEDPOSITIVE>
              <AMOUNT>-3193.93</AMOUNT>
            </ALLLEDGERENTRIES.LIST>
            <ALLLEDGERENTRIES.LIST>
              <LEDGERNAME>Cash</LEDGERNAME>
              <ISDEEMEDPOSITIVE>Yes</ISDEEMEDPOSITIVE>
              <AMOUNT>3193.93</AMOUNT>
            </ALLLEDGERENTRIES.LIST>
          </VOUCHER>
        </TALLYMESSAGE>
        <TALLYMESSAGE xmlns:UDF="TallyUDF">
          <VOUCHER VCHTYPE="Sales" ACTION="Create">
            <DATE>20240827</DATE>
            <DISPLAYDATE>27-08-2024</DISPLAYDATE>
            <PERSISTEDVIEW>Accounting Voucher View</PERSISTEDVIEW>
            <VOUCHERTYPENAME>Sales</VOUCHERTYPENAME>
            <VOUCHERNUMBER>SL-00058</VOUCHERNUMBER>
            <NARRATION>Sales entry generated for 2024-08-27</NARRATION>
            <ALLLEDGERENTRIES.LIST>
              <LEDGERNAME>Sales</LEDGERNAME>
              <ISDEEMEDPOSITIVE>No</ISDEEMEDPOSITIVE>
              <AMOUNT>-2325.12</AMOUNT>
            </ALLLEDGERENTRIES.LIST>
            <ALLLEDGERENTRIES.LIST>
              <LEDGERNAME>Cash</LEDGERNAME>
              <ISDEEMEDPOSITIVE>Yes</ISDEEMEDPOSITIVE>
              <AMOUNT>2325.12</AMOUNT>
            </ALLLEDGERENTRIES.LIST>
          </VOUCHER>
        </TALLYMESSAGE>
        <TALLYMESSAGE xmlns:UDF="TallyUDF">
          <VOUCHER VCHTYPE="Sales" ACTION="Create">
            <DATE>20240828</DATE>
            <DISPLAYDATE>28-08-2024</DISPLAYDATE>
            <PERSISTEDVIEW>Accounting Voucher View</PERSISTEDVIEW>
            <VOUCHERTYPENAME>Sales</VOUCHERTYPENAME>
            <VOUCHERNUMBER>SL-00059</VOUCHERNUMBER>
            <NARRATION>Sales entry generated for 2024-08-28</NARRATION>
            <ALLLEDGERENTRIES.LIST>
              <LEDGERNAME>Sales</LEDGERNAME>
              <ISDEEMEDPOSITIVE>No</ISDEEMEDPOSITIVE>
              <AMOUNT>-3183.34</AMOUNT>
            </ALLLEDGERENTRIES.LIST>
            <ALLLEDGERENTRIES.LIST>
              <LEDGERNAME>Cash</LEDGERNAME>
              <ISDEEMEDPOSITIVE>Yes</ISDEEMEDPOSITIVE>
              <AMOUNT>3183.34</AMOUNT>
            </ALLLEDGERENTRIES.LIST>
          </VOUCHER>
        </TALLYMESSAGE>
        <TALLYMESSAGE xmlns:UDF="TallyUDF">
          <VOUCHER VCHTYPE="Sales" ACTION="Create">
            <DATE>20240829</DATE>
            <DISPLAYDATE>29-08-2024</DISPLAYDATE>
            <PERSISTEDVIEW>Accounting Voucher View</PERSISTEDVIEW>
            <VOUCHERTYPENAME>Sales</VOUCHERTYPENAME>
            <VOUCHERNUMBER>SL-00060</VOUCHERNUMBER>
            <NARRATION>Sales entry generated for 2024-08-29</NARRATION>
            <ALLLEDGERENTRIES.LIST>
              <LEDGERNAME>Sales</LEDGERNAME>
              <ISDEEMEDPOSITIVE>No</ISDEEMEDPOSITIVE>
              <AMOUNT>-2153.87</AMOUNT>
            </ALLLEDGERENTRIES.LIST>
            <ALLLEDGERENTRIES.LIST>
              <LEDGERNAME>Cash</LEDGERNAME>
              <ISDEEMEDPOSITIVE>Yes</ISDEEMEDPOSITIVE>
              <AMOUNT>2153.87</AMOUNT>
            </ALLLEDGERENTRIES.LIST>
          </VOUCHER>
        </TALLYMESSAGE>
        <TALLYMESSAGE xmlns:UDF="TallyUDF">
          <VOUCHER VCHTYPE="Sales" ACTION="Create">
            <DATE>20240830</DATE>
            <DISPLAYDATE>30-08-2024</DISPLAYDATE>
            <PERSISTEDVIEW>Accounting Voucher View</PERSISTEDVIEW>
            <VOUCHERTYPENAME>Sales</VOUCHERTYPENAME>
            <VOUCHERNUMBER>SL-00061</VOUCHERNUMBER>
            <NARRATION>Sales entry generated for 2024-08-30</NARRATION>
            <ALLLEDGERENTRIES.LIST>
              <LEDGERNAME>Sales</LEDGERNAME>
              <ISDEEMEDPOSITIVE>No</ISDEEMEDPOSITIVE>
              <AMOUNT>-2442.69</AMOUNT>
            </ALLLEDGERENTRIES.LIST>
            <ALLLEDGERENTRIES.LIST>
              <LEDGERNAME>Cash</LEDGERNAME>
              <ISDEEMEDPOSITIVE>Yes</ISDEEMEDPOSITIVE>
              <AMOUNT>2442.69</AMOUNT>
            </ALLLEDGERENTRIES.LIST>
          </VOUCHER>
        </TALLYMESSAGE>
        <TALLYMESSAGE xmlns:UDF="TallyUDF">
          <VOUCHER VCHTYPE="Sales" ACTION="Create">
            <DATE>20240831</DATE>
            <DISPLAYDATE>31-08-2024</DISPLAYDATE>
            <PERSISTEDVIEW>Accounting Voucher View</PERSISTEDVIEW>
            <VOUCHERTYPENAME>Sales</VOUCHERTYPENAME>
            <VOUCHERNUMBER>SL-00062</VOUCHERNUMBER>
            <NARRATION>Sales entry generated for 2024-08-31</NARRATION>
            <ALLLEDGERENTRIES.LIST>
              <LEDGERNAME>Sales</LEDGERNAME>
              <ISDEEMEDPOSITIVE>No</ISDEEMEDPOSITIVE>
              <AMOUNT>-3194.27</AMOUNT>
            </ALLLEDGERENTRIES.LIST>
            <ALLLEDGERENTRIES.LIST>
              <LEDGERNAME>Cash</LEDGERNAME>
              <ISDEEMEDPOSITIVE>Yes</ISDEEMEDPOSITIVE>
              <AMOUNT>3194.27</AMOUNT>
            </ALLLEDGERENTRIES.LIST>
          </VOUCHER>
        </TALLYMESSAGE>
        <TALLYMESSAGE xmlns:UDF="TallyUDF">
          <VOUCHER VCHTYPE="Sales" ACTION="Create">
            <DATE>20240901</DATE>
            <DISPLAYDATE>01-09-2024</DISPLAYDATE>
            <PERSISTEDVIEW>Accounting Voucher View</PERSISTEDVIEW>
            <VOUCHERTYPENAME>Sales</VOUCHERTYPENAME>
            <VOUCHERNUMBER>SL-00063</VOUCHERNUMBER>
            <NARRATION>Sales entry generated for 2024-09-01</NARRATION>
            <ALLLEDGERENTRIES.LIST>
              <LEDGERNAME>Sales</LEDGERNAME>
              <ISDEEMEDPOSITIVE>No</ISDEEMEDPOSITIVE>
              <AMOUNT>-3379.67</AMOUNT>
            </ALLLEDGERENTRIES.LIST>
            <ALLLEDGERENTRIES.LIST>
              <LEDGERNAME>Cash</LEDGERNAME>
              <ISDEEMEDPOSITIVE>Yes</ISDEEMEDPOSITIVE>
              <AMOUNT>3379.67</AMOUNT>
            </ALLLEDGERENTRIES.LIST>
          </VOUCHER>
        </TALLYMESSAGE>
        <TALLYMESSAGE xmlns:UDF="TallyUDF">
          <VOUCHER VCHTYPE="Sales" ACTION="Create">
            <DATE>20240902</DATE>
            <DISPLAYDATE>02-09-2024</DISPLAYDATE>
            <PERSISTEDVIEW>Accounting Voucher View</PERSISTEDVIEW>
            <VOUCHERTYPENAME>Sales</VOUCHERTYPENAME>
            <VOUCHERNUMBER>SL-00064</VOUCHERNUMBER>
            <NARRATION>Sales entry generated for 2024-09-02</NARRATION>
            <ALLLEDGERENTRIES.LIST>
              <LEDGERNAME>Sales</LEDGERNAME>
              <ISDEEMEDPOSITIVE>No</ISDEEMEDPOSITIVE>
              <AMOUNT>-3193.64</AMOUNT>
            </ALLLEDGERENTRIES.LIST>
            <ALLLEDGERENTRIES.LIST>
              <LEDGERNAME>Cash</LEDGERNAME>
              <ISDEEMEDPOSITIVE>Yes</ISDEEMEDPOSITIVE>
              <AMOUNT>3193.64</AMOUNT>
            </ALLLEDGERENTRIES.LIST>
          </VOUCHER>
        </TALLYMESSAGE>
        <TALLYMESSAGE xmlns:UDF="TallyUDF">
          <VOUCHER VCHTYPE="Sales" ACTION="Create">
            <DATE>20240903</DATE>
            <DISPLAYDATE>03-09-2024</DISPLAYDATE>
            <PERSISTEDVIEW>Accounting Voucher View</PERSISTEDVIEW>
            <VOUCHERTYPENAME>Sales</VOUCHERTYPENAME>
            <VOUCHERNUMBER>SL-00065</VOUCHERNUMBER>
            <NARRATION>Sales entry generated for 2024-09-03</NARRATION>
            <ALLLEDGERENTRIES.LIST>
              <LEDGERNAME>Sales</LEDGERNAME>
              <ISDEEMEDPOSITIVE>No</ISDEEMEDPOSITIVE>
              <AMOUNT>-2576.15</AMOUNT>
            </ALLLEDGERENTRIES.LIST>
            <ALLLEDGERENTRIES.LIST>
              <LEDGERNAME>Cash</LEDGERNAME>
              <ISDEEMEDPOSITIVE>Yes</ISDEEMEDPOSITIVE>
              <AMOUNT>2576.15</AMOUNT>
            </ALLLEDGERENTRIES.LIST>
          </VOUCHER>
        </TALLYMESSAGE>
        <TALLYMESSAGE xmlns:UDF="TallyUDF">
          <VOUCHER VCHTYPE="Sales" ACTION="Create">
            <DATE>20240904</DATE>
            <DISPLAYDATE>04-09-2024</DISPLAYDATE>
            <PERSISTEDVIEW>Accounting Voucher View</PERSISTEDVIEW>
            <VOUCHERTYPENAME>Sales</VOUCHERTYPENAME>
            <VOUCHERNUMBER>SL-00066</VOUCHERNUMBER>
            <NARRATION>Sales entry generated for 2024-09-04</NARRATION>
            <ALLLEDGERENTRIES.LIST>
              <LEDGERNAME>Sales</LEDGERNAME>
              <ISDEEMEDPOSITIVE>No</ISDEEMEDPOSITIVE>
              <AMOUNT>-2801.90</AMOUNT>
            </ALLLEDGERENTRIES.LIST>
            <ALLLEDGERENTRIES.LIST>
              <LEDGERNAME>Cash</LEDGERNAME>
              <ISDEEMEDPOSITIVE>Yes</ISDEEMEDPOSITIVE>
              <AMOUNT>2801.90</AMOUNT>
            </ALLLEDGERENTRIES.LIST>
          </VOUCHER>
        </TALLYMESSAGE>
        <TALLYMESSAGE xmlns:UDF="TallyUDF">
          <VOUCHER VCHTYPE="Sales" ACTION="Create">
            <DATE>20240905</DATE>
            <DISPLAYDATE>05-09-2024</DISPLAYDATE>
            <PERSISTEDVIEW>Accounting Voucher View</PERSISTEDVIEW>
            <VOUCHERTYPENAME>Sales</VOUCHERTYPENAME>
            <VOUCHERNUMBER>SL-00067</VOUCHERNUMBER>
            <NARRATION>Sales entry generated for 2024-09-05</NARRATION>
            <ALLLEDGERENTRIES.LIST>
              <LEDGERNAME>Sales</LEDGERNAME>
              <ISDEEMEDPOSITIVE>No</ISDEEMEDPOSITIVE>
              <AMOUNT>-2566.02</AMOUNT>
            </ALLLEDGERENTRIES.LIST>
            <ALLLEDGERENTRIES.LIST>
              <LEDGERNAME>Cash</LEDGERNAME>
              <ISDEEMEDPOSITIVE>Yes</ISDEEMEDPOSITIVE>
              <AMOUNT>2566.02</AMOUNT>
            </ALLLEDGERENTRIES.LIST>
          </VOUCHER>
        </TALLYMESSAGE>
        <TALLYMESSAGE xmlns:UDF="TallyUDF">
          <VOUCHER VCHTYPE="Sales" ACTION="Create">
            <DATE>20240906</DATE>
            <DISPLAYDATE>06-09-2024</DISPLAYDATE>
            <PERSISTEDVIEW>Accounting Voucher View</PERSISTEDVIEW>
            <VOUCHERTYPENAME>Sales</VOUCHERTYPENAME>
            <VOUCHERNUMBER>SL-00068</VOUCHERNUMBER>
            <NARRATION>Sales entry generated for 2024-09-06</NARRATION>
            <ALLLEDGERENTRIES.LIST>
              <LEDGERNAME>Sales</LEDGERNAME>
              <ISDEEMEDPOSITIVE>No</ISDEEMEDPOSITIVE>
              <AMOUNT>-2937.60</AMOUNT>
            </ALLLEDGERENTRIES.LIST>
            <ALLLEDGERENTRIES.LIST>
              <LEDGERNAME>Cash</LEDGERNAME>
              <ISDEEMEDPOSITIVE>Yes</ISDEEMEDPOSITIVE>
              <AMOUNT>2937.60</AMOUNT>
            </ALLLEDGERENTRIES.LIST>
          </VOUCHER>
        </TALLYMESSAGE>
        <TALLYMESSAGE xmlns:UDF="TallyUDF">
          <VOUCHER VCHTYPE="Sales" ACTION="Create">
            <DATE>20240907</DATE>
            <DISPLAYDATE>07-09-2024</DISPLAYDATE>
            <PERSISTEDVIEW>Accounting Voucher View</PERSISTEDVIEW>
            <VOUCHERTYPENAME>Sales</VOUCHERTYPENAME>
            <VOUCHERNUMBER>SL-00069</VOUCHERNUMBER>
            <NARRATION>Sales entry generated for 2024-09-07</NARRATION>
            <ALLLEDGERENTRIES.LIST>
              <LEDGERNAME>Sales</LEDGERNAME>
              <ISDEEMEDPOSITIVE>No</ISDEEMEDPOSITIVE>
              <AMOUNT>-2337.88</AMOUNT>
            </ALLLEDGERENTRIES.LIST>
            <ALLLEDGERENTRIES.LIST>
              <LEDGERNAME>Cash</LEDGERNAME>
              <ISDEEMEDPOSITIVE>Yes</ISDEEMEDPOSITIVE>
              <AMOUNT>2337.88</AMOUNT>
            </ALLLEDGERENTRIES.LIST>
          </VOUCHER>
        </TALLYMESSAGE>
        <TALLYMESSAGE xmlns:UDF="TallyUDF">
          <VOUCHER VCHTYPE="Sales" ACTION="Create">
            <DATE>20240908</DATE>
            <DISPLAYDATE>08-09-2024</DISPLAYDATE>
            <PERSISTEDVIEW>Accounting Voucher View</PERSISTEDVIEW>
            <VOUCHERTYPENAME>Sales</VOUCHERTYPENAME>
            <VOUCHERNUMBER>SL-00070</VOUCHERNUMBER>
            <NARRATION>Sales entry generated for 2024-09-08</NARRATION>
            <ALLLEDGERENTRIES.LIST>
              <LEDGERNAME>Sales</LEDGERNAME>
              <ISDEEMEDPOSITIVE>No</ISDEEMEDPOSITIVE>
              <AMOUNT>-2669.53</AMOUNT>
            </ALLLEDGERENTRIES.LIST>
            <ALLLEDGERENTRIES.LIST>
              <LEDGERNAME>Cash</LEDGERNAME>
              <ISDEEMEDPOSITIVE>Yes</ISDEEMEDPOSITIVE>
              <AMOUNT>2669.53</AMOUNT>
            </ALLLEDGERENTRIES.LIST>
          </VOUCHER>
        </TALLYMESSAGE>
        <TALLYMESSAGE xmlns:UDF="TallyUDF">
          <VOUCHER VCHTYPE="Sales" ACTION="Create">
            <DATE>20240909</DATE>
            <DISPLAYDATE>09-09-2024</DISPLAYDATE>
            <PERSISTEDVIEW>Accounting Voucher View</PERSISTEDVIEW>
            <VOUCHERTYPENAME>Sales</VOUCHERTYPENAME>
            <VOUCHERNUMBER>SL-00071</VOUCHERNUMBER>
            <NARRATION>Sales entry generated for 2024-09-09</NARRATION>
            <ALLLEDGERENTRIES.LIST>
              <LEDGERNAME>Sales</LEDGERNAME>
              <ISDEEMEDPOSITIVE>No</ISDEEMEDPOSITIVE>
              <AMOUNT>-2390.04</AMOUNT>
            </ALLLEDGERENTRIES.LIST>
            <ALLLEDGERENTRIES.LIST>
              <LEDGERNAME>Cash</LEDGERNAME>
              <ISDEEMEDPOSITIVE>Yes</ISDEEMEDPOSITIVE>
              <AMOUNT>2390.04</AMOUNT>
            </ALLLEDGERENTRIES.LIST>
          </VOUCHER>
        </TALLYMESSAGE>
        <TALLYMESSAGE xmlns:UDF="TallyUDF">
          <VOUCHER VCHTYPE="Sales" ACTION="Create">
            <DATE>20240910</DATE>
            <DISPLAYDATE>10-09-2024</DISPLAYDATE>
            <PERSISTEDVIEW>Accounting Voucher View</PERSISTEDVIEW>
            <VOUCHERTYPENAME>Sales</VOUCHERTYPENAME>
            <VOUCHERNUMBER>SL-00072</VOUCHERNUMBER>
            <NARRATION>Sales entry generated for 2024-09-10</NARRATION>
            <ALLLEDGERENTRIES.LIST>
              <LEDGERNAME>Sales</LEDGERNAME>
              <ISDEEMEDPOSITIVE>No</ISDEEMEDPOSITIVE>
              <AMOUNT>-3379.13</AMOUNT>
            </ALLLEDGERENTRIES.LIST>
            <ALLLEDGERENTRIES.LIST>
              <LEDGERNAME>Cash</LEDGERNAME>
              <ISDEEMEDPOSITIVE>Yes</ISDEEMEDPOSITIVE>
              <AMOUNT>3379.13</AMOUNT>
            </ALLLEDGERENTRIES.LIST>
          </VOUCHER>
        </TALLYMESSAGE>
        <TALLYMESSAGE xmlns:UDF="TallyUDF">
          <VOUCHER VCHTYPE="Sales" ACTION="Create">
            <DATE>20240911</DATE>
            <DISPLAYDATE>11-09-2024</DISPLAYDATE>
            <PERSISTEDVIEW>Accounting Voucher View</PERSISTEDVIEW>
            <VOUCHERTYPENAME>Sales</VOUCHERTYPENAME>
            <VOUCHERNUMBER>SL-00073</VOUCHERNUMBER>
            <NARRATION>Sales entry generated for 2024-09-11</NARRATION>
            <ALLLEDGERENTRIES.LIST>
              <LEDGERNAME>Sales</LEDGERNAME>
              <ISDEEMEDPOSITIVE>No</ISDEEMEDPOSITIVE>
              <AMOUNT>-3412.29</AMOUNT>
            </ALLLEDGERENTRIES.LIST>
            <ALLLEDGERENTRIES.LIST>
              <LEDGERNAME>Cash</LEDGERNAME>
              <ISDEEMEDPOSITIVE>Yes</ISDEEMEDPOSITIVE>
              <AMOUNT>3412.29</AMOUNT>
            </ALLLEDGERENTRIES.LIST>
          </VOUCHER>
        </TALLYMESSAGE>
        <TALLYMESSAGE xmlns:UDF="TallyUDF">
          <VOUCHER VCHTYPE="Sales" ACTION="Create">
            <DATE>20240912</DATE>
            <DISPLAYDATE>12-09-2024</DISPLAYDATE>
            <PERSISTEDVIEW>Accounting Voucher View</PERSISTEDVIEW>
            <VOUCHERTYPENAME>Sales</VOUCHERTYPENAME>
            <VOUCHERNUMBER>SL-00074</VOUCHERNUMBER>
            <NARRATION>Sales entry generated for 2024-09-12</NARRATION>
            <ALLLEDGERENTRIES.LIST>
              <LEDGERNAME>Sales</LEDGERNAME>
              <ISDEEMEDPOSITIVE>No</ISDEEMEDPOSITIVE>
              <AMOUNT>-2084.89</AMOUNT>
            </ALLLEDGERENTRIES.LIST>
            <ALLLEDGERENTRIES.LIST>
              <LEDGERNAME>Cash</LEDGERNAME>
              <ISDEEMEDPOSITIVE>Yes</ISDEEMEDPOSITIVE>
              <AMOUNT>2084.89</AMOUNT>
            </ALLLEDGERENTRIES.LIST>
          </VOUCHER>
        </TALLYMESSAGE>
        <TALLYMESSAGE xmlns:UDF="TallyUDF">
          <VOUCHER VCHTYPE="Sales" ACTION="Create">
            <DATE>20240913</DATE>
            <DISPLAYDATE>13-09-2024</DISPLAYDATE>
            <PERSISTEDVIEW>Accounting Voucher View</PERSISTEDVIEW>
            <VOUCHERTYPENAME>Sales</VOUCHERTYPENAME>
            <VOUCHERNUMBER>SL-00075</VOUCHERNUMBER>
            <NARRATION>Sales entry generated for 2024-09-13</NARRATION>
            <ALLLEDGERENTRIES.LIST>
              <LEDGERNAME>Sales</LEDGERNAME>
              <ISDEEMEDPOSITIVE>No</ISDEEMEDPOSITIVE>
              <AMOUNT>-2055.29</AMOUNT>
            </ALLLEDGERENTRIES.LIST>
            <ALLLEDGERENTRIES.LIST>
              <LEDGERNAME>Cash</LEDGERNAME>
              <ISDEEMEDPOSITIVE>Yes</ISDEEMEDPOSITIVE>
              <AMOUNT>2055.29</AMOUNT>
            </ALLLEDGERENTRIES.LIST>
          </VOUCHER>
        </TALLYMESSAGE>
        <TALLYMESSAGE xmlns:UDF="TallyUDF">
          <VOUCHER VCHTYPE="Sales" ACTION="Create">
            <DATE>20240914</DATE>
            <DISPLAYDATE>14-09-2024</DISPLAYDATE>
            <PERSISTEDVIEW>Accounting Voucher View</PERSISTEDVIEW>
            <VOUCHERTYPENAME>Sales</VOUCHERTYPENAME>
            <VOUCHERNUMBER>SL-00076</VOUCHERNUMBER>
            <NARRATION>Sales entry generated for 2024-09-14</NARRATION>
            <ALLLEDGERENTRIES.LIST>
              <LEDGERNAME>Sales</LEDGERNAME>
              <ISDEEMEDPOSITIVE>No</ISDEEMEDPOSITIVE>
              <AMOUNT>-2635.01</AMOUNT>
            </ALLLEDGERENTRIES.LIST>
            <ALLLEDGERENTRIES.LIST>
              <LEDGERNAME>Cash</LEDGERNAME>
              <ISDEEMEDPOSITIVE>Yes</ISDEEMEDPOSITIVE>
              <AMOUNT>2635.01</AMOUNT>
            </ALLLEDGERENTRIES.LIST>
          </VOUCHER>
        </TALLYMESSAGE>
        <TALLYMESSAGE xmlns:UDF="TallyUDF">
          <VOUCHER VCHTYPE="Sales" ACTION="Create">
            <DATE>20240915</DATE>
            <DISPLAYDATE>15-09-2024</DISPLAYDATE>
            <PERSISTEDVIEW>Accounting Voucher View</PERSISTEDVIEW>
            <VOUCHERTYPENAME>Sales</VOUCHERTYPENAME>
            <VOUCHERNUMBER>SL-00077</VOUCHERNUMBER>
            <NARRATION>Sales entry generated for 2024-09-15</NARRATION>
            <ALLLEDGERENTRIES.LIST>
              <LEDGERNAME>Sales</LEDGERNAME>
              <ISDEEMEDPOSITIVE>No</ISDEEMEDPOSITIVE>
              <AMOUNT>-3054.39</AMOUNT>
            </ALLLEDGERENTRIES.LIST>
            <ALLLEDGERENTRIES.LIST>
              <LEDGERNAME>Cash</LEDGERNAME>
              <ISDEEMEDPOSITIVE>Yes</ISDEEMEDPOSITIVE>
              <AMOUNT>3054.39</AMOUNT>
            </ALLLEDGERENTRIES.LIST>
          </VOUCHER>
        </TALLYMESSAGE>
        <TALLYMESSAGE xmlns:UDF="TallyUDF">
          <VOUCHER VCHTYPE="Sales" ACTION="Create">
            <DATE>20240916</DATE>
            <DISPLAYDATE>16-09-2024</DISPLAYDATE>
            <PERSISTEDVIEW>Accounting Voucher View</PERSISTEDVIEW>
            <VOUCHERTYPENAME>Sales</VOUCHERTYPENAME>
            <VOUCHERNUMBER>SL-00078</VOUCHERNUMBER>
            <NARRATION>Sales entry generated for 2024-09-16</NARRATION>
            <ALLLEDGERENTRIES.LIST>
              <LEDGERNAME>Sales</LEDGERNAME>
              <ISDEEMEDPOSITIVE>No</ISDEEMEDPOSITIVE>
              <AMOUNT>-2840.33</AMOUNT>
            </ALLLEDGERENTRIES.LIST>
            <ALLLEDGERENTRIES.LIST>
              <LEDGERNAME>Cash</LEDGERNAME>
              <ISDEEMEDPOSITIVE>Yes</ISDEEMEDPOSITIVE>
              <AMOUNT>2840.33</AMOUNT>
            </ALLLEDGERENTRIES.LIST>
          </VOUCHER>
        </TALLYMESSAGE>
        <TALLYMESSAGE xmlns:UDF="TallyUDF">
          <VOUCHER VCHTYPE="Sales" ACTION="Create">
            <DATE>20240917</DATE>
            <DISPLAYDATE>17-09-2024</DISPLAYDATE>
            <PERSISTEDVIEW>Accounting Voucher View</PERSISTEDVIEW>
            <VOUCHERTYPENAME>Sales</VOUCHERTYPENAME>
            <VOUCHERNUMBER>SL-00079</VOUCHERNUMBER>
            <NARRATION>Sales entry generated for 2024-09-17</NARRATION>
            <ALLLEDGERENTRIES.LIST>
              <LEDGERNAME>Sales</LEDGERNAME>
              <ISDEEMEDPOSITIVE>No</ISDEEMEDPOSITIVE>
              <AMOUNT>-3318.29</AMOUNT>
            </ALLLEDGERENTRIES.LIST>
            <ALLLEDGERENTRIES.LIST>
              <LEDGERNAME>Cash</LEDGERNAME>
              <ISDEEMEDPOSITIVE>Yes</ISDEEMEDPOSITIVE>
              <AMOUNT>3318.29</AMOUNT>
            </ALLLEDGERENTRIES.LIST>
          </VOUCHER>
        </TALLYMESSAGE>
        <TALLYMESSAGE xmlns:UDF="TallyUDF">
          <VOUCHER VCHTYPE="Sales" ACTION="Create">
            <DATE>20240918</DATE>
            <DISPLAYDATE>18-09-2024</DISPLAYDATE>
            <PERSISTEDVIEW>Accounting Voucher View</PERSISTEDVIEW>
            <VOUCHERTYPENAME>Sales</VOUCHERTYPENAME>
            <VOUCHERNUMBER>SL-00080</VOUCHERNUMBER>
            <NARRATION>Sales entry generated for 2024-09-18</NARRATION>
            <ALLLEDGERENTRIES.LIST>
              <LEDGERNAME>Sales</LEDGERNAME>
              <ISDEEMEDPOSITIVE>No</ISDEEMEDPOSITIVE>
              <AMOUNT>-3385.17</AMOUNT>
            </ALLLEDGERENTRIES.LIST>
            <ALLLEDGERENTRIES.LIST>
              <LEDGERNAME>Cash</LEDGERNAME>
              <ISDEEMEDPOSITIVE>Yes</ISDEEMEDPOSITIVE>
              <AMOUNT>3385.17</AMOUNT>
            </ALLLEDGERENTRIES.LIST>
          </VOUCHER>
        </TALLYMESSAGE>
        <TALLYMESSAGE xmlns:UDF="TallyUDF">
          <VOUCHER VCHTYPE="Sales" ACTION="Create">
            <DATE>20240919</DATE>
            <DISPLAYDATE>19-09-2024</DISPLAYDATE>
            <PERSISTEDVIEW>Accounting Voucher View</PERSISTEDVIEW>
            <VOUCHERTYPENAME>Sales</VOUCHERTYPENAME>
            <VOUCHERNUMBER>SL-00081</VOUCHERNUMBER>
            <NARRATION>Sales entry generated for 2024-09-19</NARRATION>
            <ALLLEDGERENTRIES.LIST>
              <LEDGERNAME>Sales</LEDGERNAME>
              <ISDEEMEDPOSITIVE>No</ISDEEMEDPOSITIVE>
              <AMOUNT>-2948.17</AMOUNT>
            </ALLLEDGERENTRIES.LIST>
            <ALLLEDGERENTRIES.LIST>
              <LEDGERNAME>Cash</LEDGERNAME>
              <ISDEEMEDPOSITIVE>Yes</ISDEEMEDPOSITIVE>
              <AMOUNT>2948.17</AMOUNT>
            </ALLLEDGERENTRIES.LIST>
          </VOUCHER>
        </TALLYMESSAGE>
        <TALLYMESSAGE xmlns:UDF="TallyUDF">
          <VOUCHER VCHTYPE="Sales" ACTION="Create">
            <DATE>20240920</DATE>
            <DISPLAYDATE>20-09-2024</DISPLAYDATE>
            <PERSISTEDVIEW>Accounting Voucher View</PERSISTEDVIEW>
            <VOUCHERTYPENAME>Sales</VOUCHERTYPENAME>
            <VOUCHERNUMBER>SL-00082</VOUCHERNUMBER>
            <NARRATION>Sales entry generated for 2024-09-20</NARRATION>
            <ALLLEDGERENTRIES.LIST>
              <LEDGERNAME>Sales</LEDGERNAME>
              <ISDEEMEDPOSITIVE>No</ISDEEMEDPOSITIVE>
              <AMOUNT>-3424.92</AMOUNT>
            </ALLLEDGERENTRIES.LIST>
            <ALLLEDGERENTRIES.LIST>
              <LEDGERNAME>Cash</LEDGERNAME>
              <ISDEEMEDPOSITIVE>Yes</ISDEEMEDPOSITIVE>
              <AMOUNT>3424.92</AMOUNT>
            </ALLLEDGERENTRIES.LIST>
          </VOUCHER>
        </TALLYMESSAGE>
        <TALLYMESSAGE xmlns:UDF="TallyUDF">
          <VOUCHER VCHTYPE="Sales" ACTION="Create">
            <DATE>20240921</DATE>
            <DISPLAYDATE>21-09-2024</DISPLAYDATE>
            <PERSISTEDVIEW>Accounting Voucher View</PERSISTEDVIEW>
            <VOUCHERTYPENAME>Sales</VOUCHERTYPENAME>
            <VOUCHERNUMBER>SL-00083</VOUCHERNUMBER>
            <NARRATION>Sales entry generated for 2024-09-21</NARRATION>
            <ALLLEDGERENTRIES.LIST>
              <LEDGERNAME>Sales</LEDGERNAME>
              <ISDEEMEDPOSITIVE>No</ISDEEMEDPOSITIVE>
              <AMOUNT>-2752.90</AMOUNT>
            </ALLLEDGERENTRIES.LIST>
            <ALLLEDGERENTRIES.LIST>
              <LEDGERNAME>Cash</LEDGERNAME>
              <ISDEEMEDPOSITIVE>Yes</ISDEEMEDPOSITIVE>
              <AMOUNT>2752.90</AMOUNT>
            </ALLLEDGERENTRIES.LIST>
          </VOUCHER>
        </TALLYMESSAGE>
        <TALLYMESSAGE xmlns:UDF="TallyUDF">
          <VOUCHER VCHTYPE="Sales" ACTION="Create">
            <DATE>20240922</DATE>
            <DISPLAYDATE>22-09-2024</DISPLAYDATE>
            <PERSISTEDVIEW>Accounting Voucher View</PERSISTEDVIEW>
            <VOUCHERTYPENAME>Sales</VOUCHERTYPENAME>
            <VOUCHERNUMBER>SL-00084</VOUCHERNUMBER>
            <NARRATION>Sales entry generated for 2024-09-22</NARRATION>
            <ALLLEDGERENTRIES.LIST>
              <LEDGERNAME>Sales</LEDGERNAME>
              <ISDEEMEDPOSITIVE>No</ISDEEMEDPOSITIVE>
              <AMOUNT>-3052.78</AMOUNT>
            </ALLLEDGERENTRIES.LIST>
            <ALLLEDGERENTRIES.LIST>
              <LEDGERNAME>Cash</LEDGERNAME>
              <ISDEEMEDPOSITIVE>Yes</ISDEEMEDPOSITIVE>
              <AMOUNT>3052.78</AMOUNT>
            </ALLLEDGERENTRIES.LIST>
          </VOUCHER>
        </TALLYMESSAGE>
        <TALLYMESSAGE xmlns:UDF="TallyUDF">
          <VOUCHER VCHTYPE="Sales" ACTION="Create">
            <DATE>20240923</DATE>
            <DISPLAYDATE>23-09-2024</DISPLAYDATE>
            <PERSISTEDVIEW>Accounting Voucher View</PERSISTEDVIEW>
            <VOUCHERTYPENAME>Sales</VOUCHERTYPENAME>
            <VOUCHERNUMBER>SL-00085</VOUCHERNUMBER>
            <NARRATION>Sales entry generated for 2024-09-23</NARRATION>
            <ALLLEDGERENTRIES.LIST>
              <LEDGERNAME>Sales</LEDGERNAME>
              <ISDEEMEDPOSITIVE>No</ISDEEMEDPOSITIVE>
              <AMOUNT>-3161.99</AMOUNT>
            </ALLLEDGERENTRIES.LIST>
            <ALLLEDGERENTRIES.LIST>
              <LEDGERNAME>Cash</LEDGERNAME>
              <ISDEEMEDPOSITIVE>Yes</ISDEEMEDPOSITIVE>
              <AMOUNT>3161.99</AMOUNT>
            </ALLLEDGERENTRIES.LIST>
          </VOUCHER>
        </TALLYMESSAGE>
        <TALLYMESSAGE xmlns:UDF="TallyUDF">
          <VOUCHER VCHTYPE="Sales" ACTION="Create">
            <DATE>20240924</DATE>
            <DISPLAYDATE>24-09-2024</DISPLAYDATE>
            <PERSISTEDVIEW>Accounting Voucher View</PERSISTEDVIEW>
            <VOUCHERTYPENAME>Sales</VOUCHERTYPENAME>
            <VOUCHERNUMBER>SL-00086</VOUCHERNUMBER>
            <NARRATION>Sales entry generated for 2024-09-24</NARRATION>
            <ALLLEDGERENTRIES.LIST>
              <LEDGERNAME>Sales</LEDGERNAME>
              <ISDEEMEDPOSITIVE>No</ISDEEMEDPOSITIVE>
              <AMOUNT>-2082.95</AMOUNT>
            </ALLLEDGERENTRIES.LIST>
            <ALLLEDGERENTRIES.LIST>
              <LEDGERNAME>Cash</LEDGERNAME>
              <ISDEEMEDPOSITIVE>Yes</ISDEEMEDPOSITIVE>
              <AMOUNT>2082.95</AMOUNT>
            </ALLLEDGERENTRIES.LIST>
          </VOUCHER>
        </TALLYMESSAGE>
        <TALLYMESSAGE xmlns:UDF="TallyUDF">
          <VOUCHER VCHTYPE="Sales" ACTION="Create">
            <DATE>20240925</DATE>
            <DISPLAYDATE>25-09-2024</DISPLAYDATE>
            <PERSISTEDVIEW>Accounting Voucher View</PERSISTEDVIEW>
            <VOUCHERTYPENAME>Sales</VOUCHERTYPENAME>
            <VOUCHERNUMBER>SL-00087</VOUCHERNUMBER>
            <NARRATION>Sales entry generated for 2024-09-25</NARRATION>
            <ALLLEDGERENTRIES.LIST>
              <LEDGERNAME>Sales</LEDGERNAME>
              <ISDEEMEDPOSITIVE>No</ISDEEMEDPOSITIVE>
              <AMOUNT>-2565.67</AMOUNT>
            </ALLLEDGERENTRIES.LIST>
            <ALLLEDGERENTRIES.LIST>
              <LEDGERNAME>Cash</LEDGERNAME>
              <ISDEEMEDPOSITIVE>Yes</ISDEEMEDPOSITIVE>
              <AMOUNT>2565.67</AMOUNT>
            </ALLLEDGERENTRIES.LIST>
          </VOUCHER>
        </TALLYMESSAGE>
        <TALLYMESSAGE xmlns:UDF="TallyUDF">
          <VOUCHER VCHTYPE="Sales" ACTION="Create">
            <DATE>20240926</DATE>
            <DISPLAYDATE>26-09-2024</DISPLAYDATE>
            <PERSISTEDVIEW>Accounting Voucher View</PERSISTEDVIEW>
            <VOUCHERTYPENAME>Sales</VOUCHERTYPENAME>
            <VOUCHERNUMBER>SL-00088</VOUCHERNUMBER>
            <NARRATION>Sales entry generated for 2024-09-26</NARRATION>
            <ALLLEDGERENTRIES.LIST>
              <LEDGERNAME>Sales</LEDGERNAME>
              <ISDEEMEDPOSITIVE>No</ISDEEMEDPOSITIVE>
              <AMOUNT>-2789.94</AMOUNT>
            </ALLLEDGERENTRIES.LIST>
            <ALLLEDGERENTRIES.LIST>
              <LEDGERNAME>Cash</LEDGERNAME>
              <ISDEEMEDPOSITIVE>Yes</ISDEEMEDPOSITIVE>
              <AMOUNT>2789.94</AMOUNT>
            </ALLLEDGERENTRIES.LIST>
          </VOUCHER>
        </TALLYMESSAGE>
        <TALLYMESSAGE xmlns:UDF="TallyUDF">
          <VOUCHER VCHTYPE="Sales" ACTION="Create">
            <DATE>20240927</DATE>
            <DISPLAYDATE>27-09-2024</DISPLAYDATE>
            <PERSISTEDVIEW>Accounting Voucher View</PERSISTEDVIEW>
            <VOUCHERTYPENAME>Sales</VOUCHERTYPENAME>
            <VOUCHERNUMBER>SL-00089</VOUCHERNUMBER>
            <NARRATION>Sales entry generated for 2024-09-27</NARRATION>
            <ALLLEDGERENTRIES.LIST>
              <LEDGERNAME>Sales</LEDGERNAME>
              <ISDEEMEDPOSITIVE>No</ISDEEMEDPOSITIVE>
              <AMOUNT>-2055.49</AMOUNT>
            </ALLLEDGERENTRIES.LIST>
            <ALLLEDGERENTRIES.LIST>
              <LEDGERNAME>Cash</LEDGERNAME>
              <ISDEEMEDPOSITIVE>Yes</ISDEEMEDPOSITIVE>
              <AMOUNT>2055.49</AMOUNT>
            </ALLLEDGERENTRIES.LIST>
          </VOUCHER>
        </TALLYMESSAGE>
        <TALLYMESSAGE xmlns:UDF="TallyUDF">
          <VOUCHER VCHTYPE="Sales" ACTION="Create">
            <DATE>20240928</DATE>
            <DISPLAYDATE>28-09-2024</DISPLAYDATE>
            <PERSISTEDVIEW>Accounting Voucher View</PERSISTEDVIEW>
            <VOUCHERTYPENAME>Sales</VOUCHERTYPENAME>
            <VOUCHERNUMBER>SL-00090</VOUCHERNUMBER>
            <NARRATION>Sales entry generated for 2024-09-28</NARRATION>
            <ALLLEDGERENTRIES.LIST>
              <LEDGERNAME>Sales</LEDGERNAME>
              <ISDEEMEDPOSITIVE>No</ISDEEMEDPOSITIVE>
              <AMOUNT>-3080.07</AMOUNT>
            </ALLLEDGERENTRIES.LIST>
            <ALLLEDGERENTRIES.LIST>
              <LEDGERNAME>Cash</LEDGERNAME>
              <ISDEEMEDPOSITIVE>Yes</ISDEEMEDPOSITIVE>
              <AMOUNT>3080.07</AMOUNT>
            </ALLLEDGERENTRIES.LIST>
          </VOUCHER>
        </TALLYMESSAGE>
        <TALLYMESSAGE xmlns:UDF="TallyUDF">
          <VOUCHER VCHTYPE="Sales" ACTION="Create">
            <DATE>20240929</DATE>
            <DISPLAYDATE>29-09-2024</DISPLAYDATE>
            <PERSISTEDVIEW>Accounting Voucher View</PERSISTEDVIEW>
            <VOUCHERTYPENAME>Sales</VOUCHERTYPENAME>
            <VOUCHERNUMBER>SL-00091</VOUCHERNUMBER>
            <NARRATION>Sales entry generated for 2024-09-29</NARRATION>
            <ALLLEDGERENTRIES.LIST>
              <LEDGERNAME>Sales</LEDGERNAME>
              <ISDEEMEDPOSITIVE>No</ISDEEMEDPOSITIVE>
              <AMOUNT>-3144.87</AMOUNT>
            </ALLLEDGERENTRIES.LIST>
            <ALLLEDGERENTRIES.LIST>
              <LEDGERNAME>Cash</LEDGERNAME>
              <ISDEEMEDPOSITIVE>Yes</ISDEEMEDPOSITIVE>
              <AMOUNT>3144.87</AMOUNT>
            </ALLLEDGERENTRIES.LIST>
          </VOUCHER>
        </TALLYMESSAGE>
        <TALLYMESSAGE xmlns:UDF="TallyUDF">
          <VOUCHER VCHTYPE="Sales" ACTION="Create">
            <DATE>20240930</DATE>
            <DISPLAYDATE>30-09-2024</DISPLAYDATE>
            <PERSISTEDVIEW>Accounting Voucher View</PERSISTEDVIEW>
            <VOUCHERTYPENAME>Sales</VOUCHERTYPENAME>
            <VOUCHERNUMBER>SL-00092</VOUCHERNUMBER>
            <NARRATION>Sales entry generated for 2024-09-30</NARRATION>
            <ALLLEDGERENTRIES.LIST>
              <LEDGERNAME>Sales</LEDGERNAME>
              <ISDEEMEDPOSITIVE>No</ISDEEMEDPOSITIVE>
              <AMOUNT>-1923.03</AMOUNT>
            </ALLLEDGERENTRIES.LIST>
            <ALLLEDGERENTRIES.LIST>
              <LEDGERNAME>Cash</LEDGERNAME>
              <ISDEEMEDPOSITIVE>Yes</ISDEEMEDPOSITIVE>
              <AMOUNT>1923.03</AMOUNT>
            </ALLLEDGERENTRIES.LIST>
          </VOUCHER>
        </TALLYMESSAGE>
        <TALLYMESSAGE xmlns:UDF="TallyUDF">
          <VOUCHER VCHTYPE="Sales" ACTION="Create">
            <DATE>20241001</DATE>
            <DISPLAYDATE>01-10-2024</DISPLAYDATE>
            <PERSISTEDVIEW>Accounting Voucher View</PERSISTEDVIEW>
            <VOUCHERTYPENAME>Sales</VOUCHERTYPENAME>
            <VOUCHERNUMBER>SL-00093</VOUCHERNUMBER>
            <NARRATION>Sales entry generated for 2024-10-01</NARRATION>
            <ALLLEDGERENTRIES.LIST>
              <LEDGERNAME>Sales</LEDGERNAME>
              <ISDEEMEDPOSITIVE>No</ISDEEMEDPOSITIVE>
              <AMOUNT>-2421.19</AMOUNT>
            </ALLLEDGERENTRIES.LIST>
            <ALLLEDGERENTRIES.LIST>
              <LEDGERNAME>Cash</LEDGERNAME>
              <ISDEEMEDPOSITIVE>Yes</ISDEEMEDPOSITIVE>
              <AMOUNT>2421.19</AMOUNT>
            </ALLLEDGERENTRIES.LIST>
          </VOUCHER>
        </TALLYMESSAGE>
        <TALLYMESSAGE xmlns:UDF="TallyUDF">
          <VOUCHER VCHTYPE="Sales" ACTION="Create">
            <DATE>20241002</DATE>
            <DISPLAYDATE>02-10-2024</DISPLAYDATE>
            <PERSISTEDVIEW>Accounting Voucher View</PERSISTEDVIEW>
            <VOUCHERTYPENAME>Sales</VOUCHERTYPENAME>
            <VOUCHERNUMBER>SL-00094</VOUCHERNUMBER>
            <NARRATION>Sales entry generated for 2024-10-02</NARRATION>
            <ALLLEDGERENTRIES.LIST>
              <LEDGERNAME>Sales</LEDGERNAME>
              <ISDEEMEDPOSITIVE>No</ISDEEMEDPOSITIVE>
              <AMOUNT>-2716.18</AMOUNT>
            </ALLLEDGERENTRIES.LIST>
            <ALLLEDGERENTRIES.LIST>
              <LEDGERNAME>Cash</LEDGERNAME>
              <ISDEEMEDPOSITIVE>Yes</ISDEEMEDPOSITIVE>
              <AMOUNT>2716.18</AMOUNT>
            </ALLLEDGERENTRIES.LIST>
          </VOUCHER>
        </TALLYMESSAGE>
        <TALLYMESSAGE xmlns:UDF="TallyUDF">
          <VOUCHER VCHTYPE="Sales" ACTION="Create">
            <DATE>20241003</DATE>
            <DISPLAYDATE>03-10-2024</DISPLAYDATE>
            <PERSISTEDVIEW>Accounting Voucher View</PERSISTEDVIEW>
            <VOUCHERTYPENAME>Sales</VOUCHERTYPENAME>
            <VOUCHERNUMBER>SL-00095</VOUCHERNUMBER>
            <NARRATION>Sales entry generated for 2024-10-03</NARRATION>
            <ALLLEDGERENTRIES.LIST>
              <LEDGERNAME>Sales</LEDGERNAME>
              <ISDEEMEDPOSITIVE>No</ISDEEMEDPOSITIVE>
              <AMOUNT>-3419.87</AMOUNT>
            </ALLLEDGERENTRIES.LIST>
            <ALLLEDGERENTRIES.LIST>
              <LEDGERNAME>Cash</LEDGERNAME>
              <ISDEEMEDPOSITIVE>Yes</ISDEEMEDPOSITIVE>
              <AMOUNT>3419.87</AMOUNT>
            </ALLLEDGERENTRIES.LIST>
          </VOUCHER>
        </TALLYMESSAGE>
        <TALLYMESSAGE xmlns:UDF="TallyUDF">
          <VOUCHER VCHTYPE="Sales" ACTION="Create">
            <DATE>20241004</DATE>
            <DISPLAYDATE>04-10-2024</DISPLAYDATE>
            <PERSISTEDVIEW>Accounting Voucher View</PERSISTEDVIEW>
            <VOUCHERTYPENAME>Sales</VOUCHERTYPENAME>
            <VOUCHERNUMBER>SL-00096</VOUCHERNUMBER>
            <NARRATION>Sales entry generated for 2024-10-04</NARRATION>
            <ALLLEDGERENTRIES.LIST>
              <LEDGERNAME>Sales</LEDGERNAME>
              <ISDEEMEDPOSITIVE>No</ISDEEMEDPOSITIVE>
              <AMOUNT>-2439.23</AMOUNT>
            </ALLLEDGERENTRIES.LIST>
            <ALLLEDGERENTRIES.LIST>
              <LEDGERNAME>Cash</LEDGERNAME>
              <ISDEEMEDPOSITIVE>Yes</ISDEEMEDPOSITIVE>
              <AMOUNT>2439.23</AMOUNT>
            </ALLLEDGERENTRIES.LIST>
          </VOUCHER>
        </TALLYMESSAGE>
        <TALLYMESSAGE xmlns:UDF="TallyUDF">
          <VOUCHER VCHTYPE="Sales" ACTION="Create">
            <DATE>20241005</DATE>
            <DISPLAYDATE>05-10-2024</DISPLAYDATE>
            <PERSISTEDVIEW>Accounting Voucher View</PERSISTEDVIEW>
            <VOUCHERTYPENAME>Sales</VOUCHERTYPENAME>
            <VOUCHERNUMBER>SL-00097</VOUCHERNUMBER>
            <NARRATION>Sales entry generated for 2024-10-05</NARRATION>
            <ALLLEDGERENTRIES.LIST>
              <LEDGERNAME>Sales</LEDGERNAME>
              <ISDEEMEDPOSITIVE>No</ISDEEMEDPOSITIVE>
              <AMOUNT>-2822.15</AMOUNT>
            </ALLLEDGERENTRIES.LIST>
            <ALLLEDGERENTRIES.LIST>
              <LEDGERNAME>Cash</LEDGERNAME>
              <ISDEEMEDPOSITIVE>Yes</ISDEEMEDPOSITIVE>
              <AMOUNT>2822.15</AMOUNT>
            </ALLLEDGERENTRIES.LIST>
          </VOUCHER>
        </TALLYMESSAGE>
        <TALLYMESSAGE xmlns:UDF="TallyUDF">
          <VOUCHER VCHTYPE="Sales" ACTION="Create">
            <DATE>20241006</DATE>
            <DISPLAYDATE>06-10-2024</DISPLAYDATE>
            <PERSISTEDVIEW>Accounting Voucher View</PERSISTEDVIEW>
            <VOUCHERTYPENAME>Sales</VOUCHERTYPENAME>
            <VOUCHERNUMBER>SL-00098</VOUCHERNUMBER>
            <NARRATION>Sales entry generated for 2024-10-06</NARRATION>
            <ALLLEDGERENTRIES.LIST>
              <LEDGERNAME>Sales</LEDGERNAME>
              <ISDEEMEDPOSITIVE>No</ISDEEMEDPOSITIVE>
              <AMOUNT>-3581.21</AMOUNT>
            </ALLLEDGERENTRIES.LIST>
            <ALLLEDGERENTRIES.LIST>
              <LEDGERNAME>Cash</LEDGERNAME>
              <ISDEEMEDPOSITIVE>Yes</ISDEEMEDPOSITIVE>
              <AMOUNT>3581.21</AMOUNT>
            </ALLLEDGERENTRIES.LIST>
          </VOUCHER>
        </TALLYMESSAGE>
        <TALLYMESSAGE xmlns:UDF="TallyUDF">
          <VOUCHER VCHTYPE="Sales" ACTION="Create">
            <DATE>20241007</DATE>
            <DISPLAYDATE>07-10-2024</DISPLAYDATE>
            <PERSISTEDVIEW>Accounting Voucher View</PERSISTEDVIEW>
            <VOUCHERTYPENAME>Sales</VOUCHERTYPENAME>
            <VOUCHERNUMBER>SL-00099</VOUCHERNUMBER>
            <NARRATION>Sales entry generated for 2024-10-07</NARRATION>
            <ALLLEDGERENTRIES.LIST>
              <LEDGERNAME>Sales</LEDGERNAME>
              <ISDEEMEDPOSITIVE>No</ISDEEMEDPOSITIVE>
              <AMOUNT>-3385.44</AMOUNT>
            </ALLLEDGERENTRIES.LIST>
            <ALLLEDGERENTRIES.LIST>
              <LEDGERNAME>Cash</LEDGERNAME>
              <ISDEEMEDPOSITIVE>Yes</ISDEEMEDPOSITIVE>
              <AMOUNT>3385.44</AMOUNT>
            </ALLLEDGERENTRIES.LIST>
          </VOUCHER>
        </TALLYMESSAGE>
        <TALLYMESSAGE xmlns:UDF="TallyUDF">
          <VOUCHER VCHTYPE="Sales" ACTION="Create">
            <DATE>20241008</DATE>
            <DISPLAYDATE>08-10-2024</DISPLAYDATE>
            <PERSISTEDVIEW>Accounting Voucher View</PERSISTEDVIEW>
            <VOUCHERTYPENAME>Sales</VOUCHERTYPENAME>
            <VOUCHERNUMBER>SL-00100</VOUCHERNUMBER>
            <NARRATION>Sales entry generated for 2024-10-08</NARRATION>
            <ALLLEDGERENTRIES.LIST>
              <LEDGERNAME>Sales</LEDGERNAME>
              <ISDEEMEDPOSITIVE>No</ISDEEMEDPOSITIVE>
              <AMOUNT>-3708.13</AMOUNT>
            </ALLLEDGERENTRIES.LIST>
            <ALLLEDGERENTRIES.LIST>
              <LEDGERNAME>Cash</LEDGERNAME>
              <ISDEEMEDPOSITIVE>Yes</ISDEEMEDPOSITIVE>
              <AMOUNT>3708.13</AMOUNT>
            </ALLLEDGERENTRIES.LIST>
          </VOUCHER>
        </TALLYMESSAGE>
        <TALLYMESSAGE xmlns:UDF="TallyUDF">
          <VOUCHER VCHTYPE="Sales" ACTION="Create">
            <DATE>20241009</DATE>
            <DISPLAYDATE>09-10-2024</DISPLAYDATE>
            <PERSISTEDVIEW>Accounting Voucher View</PERSISTEDVIEW>
            <VOUCHERTYPENAME>Sales</VOUCHERTYPENAME>
            <VOUCHERNUMBER>SL-00101</VOUCHERNUMBER>
            <NARRATION>Sales entry generated for 2024-10-09</NARRATION>
            <ALLLEDGERENTRIES.LIST>
              <LEDGERNAME>Sales</LEDGERNAME>
              <ISDEEMEDPOSITIVE>No</ISDEEMEDPOSITIVE>
              <AMOUNT>-2423.18</AMOUNT>
            </ALLLEDGERENTRIES.LIST>
            <ALLLEDGERENTRIES.LIST>
              <LEDGERNAME>Cash</LEDGERNAME>
              <ISDEEMEDPOSITIVE>Yes</ISDEEMEDPOSITIVE>
              <AMOUNT>2423.18</AMOUNT>
            </ALLLEDGERENTRIES.LIST>
          </VOUCHER>
        </TALLYMESSAGE>
        <TALLYMESSAGE xmlns:UDF="TallyUDF">
          <VOUCHER VCHTYPE="Sales" ACTION="Create">
            <DATE>20241010</DATE>
            <DISPLAYDATE>10-10-2024</DISPLAYDATE>
            <PERSISTEDVIEW>Accounting Voucher View</PERSISTEDVIEW>
            <VOUCHERTYPENAME>Sales</VOUCHERTYPENAME>
            <VOUCHERNUMBER>SL-00102</VOUCHERNUMBER>
            <NARRATION>Sales entry generated for 2024-10-10</NARRATION>
            <ALLLEDGERENTRIES.LIST>
              <LEDGERNAME>Sales</LEDGERNAME>
              <ISDEEMEDPOSITIVE>No</ISDEEMEDPOSITIVE>
              <AMOUNT>-3159.22</AMOUNT>
            </ALLLEDGERENTRIES.LIST>
            <ALLLEDGERENTRIES.LIST>
              <LEDGERNAME>Cash</LEDGERNAME>
              <ISDEEMEDPOSITIVE>Yes</ISDEEMEDPOSITIVE>
              <AMOUNT>3159.22</AMOUNT>
            </ALLLEDGERENTRIES.LIST>
          </VOUCHER>
        </TALLYMESSAGE>
        <TALLYMESSAGE xmlns:UDF="TallyUDF">
          <VOUCHER VCHTYPE="Sales" ACTION="Create">
            <DATE>20241011</DATE>
            <DISPLAYDATE>11-10-2024</DISPLAYDATE>
            <PERSISTEDVIEW>Accounting Voucher View</PERSISTEDVIEW>
            <VOUCHERTYPENAME>Sales</VOUCHERTYPENAME>
            <VOUCHERNUMBER>SL-00103</VOUCHERNUMBER>
            <NARRATION>Sales entry generated for 2024-10-11</NARRATION>
            <ALLLEDGERENTRIES.LIST>
              <LEDGERNAME>Sales</LEDGERNAME>
              <ISDEEMEDPOSITIVE>No</ISDEEMEDPOSITIVE>
              <AMOUNT>-3675.65</AMOUNT>
            </ALLLEDGERENTRIES.LIST>
            <ALLLEDGERENTRIES.LIST>
              <LEDGERNAME>Cash</LEDGERNAME>
              <ISDEEMEDPOSITIVE>Yes</ISDEEMEDPOSITIVE>
              <AMOUNT>3675.65</AMOUNT>
            </ALLLEDGERENTRIES.LIST>
          </VOUCHER>
        </TALLYMESSAGE>
        <TALLYMESSAGE xmlns:UDF="TallyUDF">
          <VOUCHER VCHTYPE="Sales" ACTION="Create">
            <DATE>20241012</DATE>
            <DISPLAYDATE>12-10-2024</DISPLAYDATE>
            <PERSISTEDVIEW>Accounting Voucher View</PERSISTEDVIEW>
            <VOUCHERTYPENAME>Sales</VOUCHERTYPENAME>
            <VOUCHERNUMBER>SL-00104</VOUCHERNUMBER>
            <NARRATION>Sales entry generated for 2024-10-12</NARRATION>
            <ALLLEDGERENTRIES.LIST>
              <LEDGERNAME>Sales</LEDGERNAME>
              <ISDEEMEDPOSITIVE>No</ISDEEMEDPOSITIVE>
              <AMOUNT>-3742.00</AMOUNT>
            </ALLLEDGERENTRIES.LIST>
            <ALLLEDGERENTRIES.LIST>
              <LEDGERNAME>Cash</LEDGERNAME>
              <ISDEEMEDPOSITIVE>Yes</ISDEEMEDPOSITIVE>
              <AMOUNT>3742.00</AMOUNT>
            </ALLLEDGERENTRIES.LIST>
          </VOUCHER>
        </TALLYMESSAGE>
        <TALLYMESSAGE xmlns:UDF="TallyUDF">
          <VOUCHER VCHTYPE="Sales" ACTION="Create">
            <DATE>20241013</DATE>
            <DISPLAYDATE>13-10-2024</DISPLAYDATE>
            <PERSISTEDVIEW>Accounting Voucher View</PERSISTEDVIEW>
            <VOUCHERTYPENAME>Sales</VOUCHERTYPENAME>
            <VOUCHERNUMBER>SL-00105</VOUCHERNUMBER>
            <NARRATION>Sales entry generated for 2024-10-13</NARRATION>
            <ALLLEDGERENTRIES.LIST>
              <LEDGERNAME>Sales</LEDGERNAME>
              <ISDEEMEDPOSITIVE>No</ISDEEMEDPOSITIVE>
              <AMOUNT>-2858.32</AMOUNT>
            </ALLLEDGERENTRIES.LIST>
            <ALLLEDGERENTRIES.LIST>
              <LEDGERNAME>Cash</LEDGERNAME>
              <ISDEEMEDPOSITIVE>Yes</ISDEEMEDPOSITIVE>
              <AMOUNT>2858.32</AMOUNT>
            </ALLLEDGERENTRIES.LIST>
          </VOUCHER>
        </TALLYMESSAGE>
        <TALLYMESSAGE xmlns:UDF="TallyUDF">
          <VOUCHER VCHTYPE="Sales" ACTION="Create">
            <DATE>20241014</DATE>
            <DISPLAYDATE>14-10-2024</DISPLAYDATE>
            <PERSISTEDVIEW>Accounting Voucher View</PERSISTEDVIEW>
            <VOUCHERTYPENAME>Sales</VOUCHERTYPENAME>
            <VOUCHERNUMBER>SL-00106</VOUCHERNUMBER>
            <NARRATION>Sales entry generated for 2024-10-14</NARRATION>
            <ALLLEDGERENTRIES.LIST>
              <LEDGERNAME>Sales</LEDGERNAME>
              <ISDEEMEDPOSITIVE>No</ISDEEMEDPOSITIVE>
              <AMOUNT>-3954.70</AMOUNT>
            </ALLLEDGERENTRIES.LIST>
            <ALLLEDGERENTRIES.LIST>
              <LEDGERNAME>Cash</LEDGERNAME>
              <ISDEEMEDPOSITIVE>Yes</ISDEEMEDPOSITIVE>
              <AMOUNT>3954.70</AMOUNT>
            </ALLLEDGERENTRIES.LIST>
          </VOUCHER>
        </TALLYMESSAGE>
        <TALLYMESSAGE xmlns:UDF="TallyUDF">
          <VOUCHER VCHTYPE="Sales" ACTION="Create">
            <DATE>20241015</DATE>
            <DISPLAYDATE>15-10-2024</DISPLAYDATE>
            <PERSISTEDVIEW>Accounting Voucher View</PERSISTEDVIEW>
            <VOUCHERTYPENAME>Sales</VOUCHERTYPENAME>
            <VOUCHERNUMBER>SL-00107</VOUCHERNUMBER>
            <NARRATION>Sales entry generated for 2024-10-15</NARRATION>
            <ALLLEDGERENTRIES.LIST>
              <LEDGERNAME>Sales</LEDGERNAME>
              <ISDEEMEDPOSITIVE>No</ISDEEMEDPOSITIVE>
              <AMOUNT>-3185.33</AMOUNT>
            </ALLLEDGERENTRIES.LIST>
            <ALLLEDGERENTRIES.LIST>
              <LEDGERNAME>Cash</LEDGERNAME>
              <ISDEEMEDPOSITIVE>Yes</ISDEEMEDPOSITIVE>
              <AMOUNT>3185.33</AMOUNT>
            </ALLLEDGERENTRIES.LIST>
          </VOUCHER>
        </TALLYMESSAGE>
        <TALLYMESSAGE xmlns:UDF="TallyUDF">
          <VOUCHER VCHTYPE="Sales" ACTION="Create">
            <DATE>20241016</DATE>
            <DISPLAYDATE>16-10-2024</DISPLAYDATE>
            <PERSISTEDVIEW>Accounting Voucher View</PERSISTEDVIEW>
            <VOUCHERTYPENAME>Sales</VOUCHERTYPENAME>
            <VOUCHERNUMBER>SL-00108</VOUCHERNUMBER>
            <NARRATION>Sales entry generated for 2024-10-16</NARRATION>
            <ALLLEDGERENTRIES.LIST>
              <LEDGERNAME>Sales</LEDGERNAME>
              <ISDEEMEDPOSITIVE>No</ISDEEMEDPOSITIVE>
              <AMOUNT>-2360.64</AMOUNT>
            </ALLLEDGERENTRIES.LIST>
            <ALLLEDGERENTRIES.LIST>
              <LEDGERNAME>Cash</LEDGERNAME>
              <ISDEEMEDPOSITIVE>Yes</ISDEEMEDPOSITIVE>
              <AMOUNT>2360.64</AMOUNT>
            </ALLLEDGERENTRIES.LIST>
          </VOUCHER>
        </TALLYMESSAGE>
        <TALLYMESSAGE xmlns:UDF="TallyUDF">
          <VOUCHER VCHTYPE="Sales" ACTION="Create">
            <DATE>20241017</DATE>
            <DISPLAYDATE>17-10-2024</DISPLAYDATE>
            <PERSISTEDVIEW>Accounting Voucher View</PERSISTEDVIEW>
            <VOUCHERTYPENAME>Sales</VOUCHERTYPENAME>
            <VOUCHERNUMBER>SL-00109</VOUCHERNUMBER>
            <NARRATION>Sales entry generated for 2024-10-17</NARRATION>
            <ALLLEDGERENTRIES.LIST>
              <LEDGERNAME>Sales</LEDGERNAME>
              <ISDEEMEDPOSITIVE>No</ISDEEMEDPOSITIVE>
              <AMOUNT>-3678.29</AMOUNT>
            </ALLLEDGERENTRIES.LIST>
            <ALLLEDGERENTRIES.LIST>
              <LEDGERNAME>Cash</LEDGERNAME>
              <ISDEEMEDPOSITIVE>Yes</ISDEEMEDPOSITIVE>
              <AMOUNT>3678.29</AMOUNT>
            </ALLLEDGERENTRIES.LIST>
          </VOUCHER>
        </TALLYMESSAGE>
        <TALLYMESSAGE xmlns:UDF="TallyUDF">
          <VOUCHER VCHTYPE="Sales" ACTION="Create">
            <DATE>20241018</DATE>
            <DISPLAYDATE>18-10-2024</DISPLAYDATE>
            <PERSISTEDVIEW>Accounting Voucher View</PERSISTEDVIEW>
            <VOUCHERTYPENAME>Sales</VOUCHERTYPENAME>
            <VOUCHERNUMBER>SL-00110</VOUCHERNUMBER>
            <NARRATION>Sales entry generated for 2024-10-18</NARRATION>
            <ALLLEDGERENTRIES.LIST>
              <LEDGERNAME>Sales</LEDGERNAME>
              <ISDEEMEDPOSITIVE>No</ISDEEMEDPOSITIVE>
              <AMOUNT>-2819.83</AMOUNT>
            </ALLLEDGERENTRIES.LIST>
            <ALLLEDGERENTRIES.LIST>
              <LEDGERNAME>Cash</LEDGERNAME>
              <ISDEEMEDPOSITIVE>Yes</ISDEEMEDPOSITIVE>
              <AMOUNT>2819.83</AMOUNT>
            </ALLLEDGERENTRIES.LIST>
          </VOUCHER>
        </TALLYMESSAGE>
        <TALLYMESSAGE xmlns:UDF="TallyUDF">
          <VOUCHER VCHTYPE="Sales" ACTION="Create">
            <DATE>20241019</DATE>
            <DISPLAYDATE>19-10-2024</DISPLAYDATE>
            <PERSISTEDVIEW>Accounting Voucher View</PERSISTEDVIEW>
            <VOUCHERTYPENAME>Sales</VOUCHERTYPENAME>
            <VOUCHERNUMBER>SL-00111</VOUCHERNUMBER>
            <NARRATION>Sales entry generated for 2024-10-19</NARRATION>
            <ALLLEDGERENTRIES.LIST>
              <LEDGERNAME>Sales</LEDGERNAME>
              <ISDEEMEDPOSITIVE>No</ISDEEMEDPOSITIVE>
              <AMOUNT>-2274.76</AMOUNT>
            </ALLLEDGERENTRIES.LIST>
            <ALLLEDGERENTRIES.LIST>
              <LEDGERNAME>Cash</LEDGERNAME>
              <ISDEEMEDPOSITIVE>Yes</ISDEEMEDPOSITIVE>
              <AMOUNT>2274.76</AMOUNT>
            </ALLLEDGERENTRIES.LIST>
          </VOUCHER>
        </TALLYMESSAGE>
        <TALLYMESSAGE xmlns:UDF="TallyUDF">
          <VOUCHER VCHTYPE="Sales" ACTION="Create">
            <DATE>20241020</DATE>
            <DISPLAYDATE>20-10-2024</DISPLAYDATE>
            <PERSISTEDVIEW>Accounting Voucher View</PERSISTEDVIEW>
            <VOUCHERTYPENAME>Sales</VOUCHERTYPENAME>
            <VOUCHERNUMBER>SL-00112</VOUCHERNUMBER>
            <NARRATION>Sales entry generated for 2024-10-20</NARRATION>
            <ALLLEDGERENTRIES.LIST>
              <LEDGERNAME>Sales</LEDGERNAME>
              <ISDEEMEDPOSITIVE>No</ISDEEMEDPOSITIVE>
              <AMOUNT>-3793.42</AMOUNT>
            </ALLLEDGERENTRIES.LIST>
            <ALLLEDGERENTRIES.LIST>
              <LEDGERNAME>Cash</LEDGERNAME>
              <ISDEEMEDPOSITIVE>Yes</ISDEEMEDPOSITIVE>
              <AMOUNT>3793.42</AMOUNT>
            </ALLLEDGERENTRIES.LIST>
          </VOUCHER>
        </TALLYMESSAGE>
        <TALLYMESSAGE xmlns:UDF="TallyUDF">
          <VOUCHER VCHTYPE="Sales" ACTION="Create">
            <DATE>20241021</DATE>
            <DISPLAYDATE>21-10-2024</DISPLAYDATE>
            <PERSISTEDVIEW>Accounting Voucher View</PERSISTEDVIEW>
            <VOUCHERTYPENAME>Sales</VOUCHERTYPENAME>
            <VOUCHERNUMBER>SL-00113</VOUCHERNUMBER>
            <NARRATION>Sales entry generated for 2024-10-21</NARRATION>
            <ALLLEDGERENTRIES.LIST>
              <LEDGERNAME>Sales</LEDGERNAME>
              <ISDEEMEDPOSITIVE>No</ISDEEMEDPOSITIVE>
              <AMOUNT>-3816.94</AMOUNT>
            </ALLLEDGERENTRIES.LIST>
            <ALLLEDGERENTRIES.LIST>
              <LEDGERNAME>Cash</LEDGERNAME>
              <ISDEEMEDPOSITIVE>Yes</ISDEEMEDPOSITIVE>
              <AMOUNT>3816.94</AMOUNT>
            </ALLLEDGERENTRIES.LIST>
          </VOUCHER>
        </TALLYMESSAGE>
        <TALLYMESSAGE xmlns:UDF="TallyUDF">
          <VOUCHER VCHTYPE="Sales" ACTION="Create">
            <DATE>20241022</DATE>
            <DISPLAYDATE>22-10-2024</DISPLAYDATE>
            <PERSISTEDVIEW>Accounting Voucher View</PERSISTEDVIEW>
            <VOUCHERTYPENAME>Sales</VOUCHERTYPENAME>
            <VOUCHERNUMBER>SL-00114</VOUCHERNUMBER>
            <NARRATION>Sales entry generated for 2024-10-22</NARRATION>
            <ALLLEDGERENTRIES.LIST>
              <LEDGERNAME>Sales</LEDGERNAME>
              <ISDEEMEDPOSITIVE>No</ISDEEMEDPOSITIVE>
              <AMOUNT>-3332.74</AMOUNT>
            </ALLLEDGERENTRIES.LIST>
            <ALLLEDGERENTRIES.LIST>
              <LEDGERNAME>Cash</LEDGERNAME>
              <ISDEEMEDPOSITIVE>Yes</ISDEEMEDPOSITIVE>
              <AMOUNT>3332.74</AMOUNT>
            </ALLLEDGERENTRIES.LIST>
          </VOUCHER>
        </TALLYMESSAGE>
        <TALLYMESSAGE xmlns:UDF="TallyUDF">
          <VOUCHER VCHTYPE="Sales" ACTION="Create">
            <DATE>20241023</DATE>
            <DISPLAYDATE>23-10-2024</DISPLAYDATE>
            <PERSISTEDVIEW>Accounting Voucher View</PERSISTEDVIEW>
            <VOUCHERTYPENAME>Sales</VOUCHERTYPENAME>
            <VOUCHERNUMBER>SL-00115</VOUCHERNUMBER>
            <NARRATION>Sales entry generated for 2024-10-23</NARRATION>
            <ALLLEDGERENTRIES.LIST>
              <LEDGERNAME>Sales</LEDGERNAME>
              <ISDEEMEDPOSITIVE>No</ISDEEMEDPOSITIVE>
              <AMOUNT>-3343.40</AMOUNT>
            </ALLLEDGERENTRIES.LIST>
            <ALLLEDGERENTRIES.LIST>
              <LEDGERNAME>Cash</LEDGERNAME>
              <ISDEEMEDPOSITIVE>Yes</ISDEEMEDPOSITIVE>
              <AMOUNT>3343.40</AMOUNT>
            </ALLLEDGERENTRIES.LIST>
          </VOUCHER>
        </TALLYMESSAGE>
        <TALLYMESSAGE xmlns:UDF="TallyUDF">
          <VOUCHER VCHTYPE="Sales" ACTION="Create">
            <DATE>20241024</DATE>
            <DISPLAYDATE>24-10-2024</DISPLAYDATE>
            <PERSISTEDVIEW>Accounting Voucher View</PERSISTEDVIEW>
            <VOUCHERTYPENAME>Sales</VOUCHERTYPENAME>
            <VOUCHERNUMBER>SL-00116</VOUCHERNUMBER>
            <NARRATION>Sales entry generated for 2024-10-24</NARRATION>
            <ALLLEDGERENTRIES.LIST>
              <LEDGERNAME>Sales</LEDGERNAME>
              <ISDEEMEDPOSITIVE>No</ISDEEMEDPOSITIVE>
              <AMOUNT>-3821.40</AMOUNT>
            </ALLLEDGERENTRIES.LIST>
            <ALLLEDGERENTRIES.LIST>
              <LEDGERNAME>Cash</LEDGERNAME>
              <ISDEEMEDPOSITIVE>Yes</ISDEEMEDPOSITIVE>
              <AMOUNT>3821.40</AMOUNT>
            </ALLLEDGERENTRIES.LIST>
          </VOUCHER>
        </TALLYMESSAGE>
        <TALLYMESSAGE xmlns:UDF="TallyUDF">
          <VOUCHER VCHTYPE="Sales" ACTION="Create">
            <DATE>20241025</DATE>
            <DISPLAYDATE>25-10-2024</DISPLAYDATE>
            <PERSISTEDVIEW>Accounting Voucher View</PERSISTEDVIEW>
            <VOUCHERTYPENAME>Sales</VOUCHERTYPENAME>
            <VOUCHERNUMBER>SL-00117</VOUCHERNUMBER>
            <NARRATION>Sales entry generated for 2024-10-25</NARRATION>
            <ALLLEDGERENTRIES.LIST>
              <LEDGERNAME>Sales</LEDGERNAME>
              <ISDEEMEDPOSITIVE>No</ISDEEMEDPOSITIVE>
              <AMOUNT>-3154.08</AMOUNT>
            </ALLLEDGERENTRIES.LIST>
            <ALLLEDGERENTRIES.LIST>
              <LEDGERNAME>Cash</LEDGERNAME>
              <ISDEEMEDPOSITIVE>Yes</ISDEEMEDPOSITIVE>
              <AMOUNT>3154.08</AMOUNT>
            </ALLLEDGERENTRIES.LIST>
          </VOUCHER>
        </TALLYMESSAGE>
        <TALLYMESSAGE xmlns:UDF="TallyUDF">
          <VOUCHER VCHTYPE="Sales" ACTION="Create">
            <DATE>20241026</DATE>
            <DISPLAYDATE>26-10-2024</DISPLAYDATE>
            <PERSISTEDVIEW>Accounting Voucher View</PERSISTEDVIEW>
            <VOUCHERTYPENAME>Sales</VOUCHERTYPENAME>
            <VOUCHERNUMBER>SL-00118</VOUCHERNUMBER>
            <NARRATION>Sales entry generated for 2024-10-26</NARRATION>
            <ALLLEDGERENTRIES.LIST>
              <LEDGERNAME>Sales</LEDGERNAME>
              <ISDEEMEDPOSITIVE>No</ISDEEMEDPOSITIVE>
              <AMOUNT>-2661.14</AMOUNT>
            </ALLLEDGERENTRIES.LIST>
            <ALLLEDGERENTRIES.LIST>
              <LEDGERNAME>Cash</LEDGERNAME>
              <ISDEEMEDPOSITIVE>Yes</ISDEEMEDPOSITIVE>
              <AMOUNT>2661.14</AMOUNT>
            </ALLLEDGERENTRIES.LIST>
          </VOUCHER>
        </TALLYMESSAGE>
        <TALLYMESSAGE xmlns:UDF="TallyUDF">
          <VOUCHER VCHTYPE="Sales" ACTION="Create">
            <DATE>20241027</DATE>
            <DISPLAYDATE>27-10-2024</DISPLAYDATE>
            <PERSISTEDVIEW>Accounting Voucher View</PERSISTEDVIEW>
            <VOUCHERTYPENAME>Sales</VOUCHERTYPENAME>
            <VOUCHERNUMBER>SL-00119</VOUCHERNUMBER>
            <NARRATION>Sales entry generated for 2024-10-27</NARRATION>
            <ALLLEDGERENTRIES.LIST>
              <LEDGERNAME>Sales</LEDGERNAME>
              <ISDEEMEDPOSITIVE>No</ISDEEMEDPOSITIVE>
              <AMOUNT>-2369.52</AMOUNT>
            </ALLLEDGERENTRIES.LIST>
            <ALLLEDGERENTRIES.LIST>
              <LEDGERNAME>Cash</LEDGERNAME>
              <ISDEEMEDPOSITIVE>Yes</ISDEEMEDPOSITIVE>
              <AMOUNT>2369.52</AMOUNT>
            </ALLLEDGERENTRIES.LIST>
          </VOUCHER>
        </TALLYMESSAGE>
        <TALLYMESSAGE xmlns:UDF="TallyUDF">
          <VOUCHER VCHTYPE="Sales" ACTION="Create">
            <DATE>20241028</DATE>
            <DISPLAYDATE>28-10-2024</DISPLAYDATE>
            <PERSISTEDVIEW>Accounting Voucher View</PERSISTEDVIEW>
            <VOUCHERTYPENAME>Sales</VOUCHERTYPENAME>
            <VOUCHERNUMBER>SL-00120</VOUCHERNUMBER>
            <NARRATION>Sales entry generated for 2024-10-28</NARRATION>
            <ALLLEDGERENTRIES.LIST>
              <LEDGERNAME>Sales</LEDGERNAME>
              <ISDEEMEDPOSITIVE>No</ISDEEMEDPOSITIVE>
              <AMOUNT>-2613.24</AMOUNT>
            </ALLLEDGERENTRIES.LIST>
            <ALLLEDGERENTRIES.LIST>
              <LEDGERNAME>Cash</LEDGERNAME>
              <ISDEEMEDPOSITIVE>Yes</ISDEEMEDPOSITIVE>
              <AMOUNT>2613.24</AMOUNT>
            </ALLLEDGERENTRIES.LIST>
          </VOUCHER>
        </TALLYMESSAGE>
        <TALLYMESSAGE xmlns:UDF="TallyUDF">
          <VOUCHER VCHTYPE="Sales" ACTION="Create">
            <DATE>20241029</DATE>
            <DISPLAYDATE>29-10-2024</DISPLAYDATE>
            <PERSISTEDVIEW>Accounting Voucher View</PERSISTEDVIEW>
            <VOUCHERTYPENAME>Sales</VOUCHERTYPENAME>
            <VOUCHERNUMBER>SL-00121</VOUCHERNUMBER>
            <NARRATION>Sales entry generated for 2024-10-29</NARRATION>
            <ALLLEDGERENTRIES.LIST>
              <LEDGERNAME>Sales</LEDGERNAME>
              <ISDEEMEDPOSITIVE>No</ISDEEMEDPOSITIVE>
              <AMOUNT>-3621.49</AMOUNT>
            </ALLLEDGERENTRIES.LIST>
            <ALLLEDGERENTRIES.LIST>
              <LEDGERNAME>Cash</LEDGERNAME>
              <ISDEEMEDPOSITIVE>Yes</ISDEEMEDPOSITIVE>
              <AMOUNT>3621.49</AMOUNT>
            </ALLLEDGERENTRIES.LIST>
          </VOUCHER>
        </TALLYMESSAGE>
        <TALLYMESSAGE xmlns:UDF="TallyUDF">
          <VOUCHER VCHTYPE="Sales" ACTION="Create">
            <DATE>20241030</DATE>
            <DISPLAYDATE>30-10-2024</DISPLAYDATE>
            <PERSISTEDVIEW>Accounting Voucher View</PERSISTEDVIEW>
            <VOUCHERTYPENAME>Sales</VOUCHERTYPENAME>
            <VOUCHERNUMBER>SL-00122</VOUCHERNUMBER>
            <NARRATION>Sales entry generated for 2024-10-30</NARRATION>
            <ALLLEDGERENTRIES.LIST>
              <LEDGERNAME>Sales</LEDGERNAME>
              <ISDEEMEDPOSITIVE>No</ISDEEMEDPOSITIVE>
              <AMOUNT>-2436.86</AMOUNT>
            </ALLLEDGERENTRIES.LIST>
            <ALLLEDGERENTRIES.LIST>
              <LEDGERNAME>Cash</LEDGERNAME>
              <ISDEEMEDPOSITIVE>Yes</ISDEEMEDPOSITIVE>
              <AMOUNT>2436.86</AMOUNT>
            </ALLLEDGERENTRIES.LIST>
          </VOUCHER>
        </TALLYMESSAGE>
        <TALLYMESSAGE xmlns:UDF="TallyUDF">
          <VOUCHER VCHTYPE="Sales" ACTION="Create">
            <DATE>20241031</DATE>
            <DISPLAYDATE>31-10-2024</DISPLAYDATE>
            <PERSISTEDVIEW>Accounting Voucher View</PERSISTEDVIEW>
            <VOUCHERTYPENAME>Sales</VOUCHERTYPENAME>
            <VOUCHERNUMBER>SL-00123</VOUCHERNUMBER>
            <NARRATION>Sales entry generated for 2024-10-31</NARRATION>
            <ALLLEDGERENTRIES.LIST>
              <LEDGERNAME>Sales</LEDGERNAME>
              <ISDEEMEDPOSITIVE>No</ISDEEMEDPOSITIVE>
              <AMOUNT>-2410.45</AMOUNT>
            </ALLLEDGERENTRIES.LIST>
            <ALLLEDGERENTRIES.LIST>
              <LEDGERNAME>Cash</LEDGERNAME>
              <ISDEEMEDPOSITIVE>Yes</ISDEEMEDPOSITIVE>
              <AMOUNT>2410.45</AMOUNT>
            </ALLLEDGERENTRIES.LIST>
          </VOUCHER>
        </TALLYMESSAGE>
        <TALLYMESSAGE xmlns:UDF="TallyUDF">
          <VOUCHER VCHTYPE="Sales" ACTION="Create">
            <DATE>20241101</DATE>
            <DISPLAYDATE>01-11-2024</DISPLAYDATE>
            <PERSISTEDVIEW>Accounting Voucher View</PERSISTEDVIEW>
            <VOUCHERTYPENAME>Sales</VOUCHERTYPENAME>
            <VOUCHERNUMBER>SL-00124</VOUCHERNUMBER>
            <NARRATION>Sales entry generated for 2024-11-01</NARRATION>
            <ALLLEDGERENTRIES.LIST>
              <LEDGERNAME>Sales</LEDGERNAME>
              <ISDEEMEDPOSITIVE>No</ISDEEMEDPOSITIVE>
              <AMOUNT>-2848.24</AMOUNT>
            </ALLLEDGERENTRIES.LIST>
            <ALLLEDGERENTRIES.LIST>
              <LEDGERNAME>Cash</LEDGERNAME>
              <ISDEEMEDPOSITIVE>Yes</ISDEEMEDPOSITIVE>
              <AMOUNT>2848.24</AMOUNT>
            </ALLLEDGERENTRIES.LIST>
          </VOUCHER>
        </TALLYMESSAGE>
        <TALLYMESSAGE xmlns:UDF="TallyUDF">
          <VOUCHER VCHTYPE="Sales" ACTION="Create">
            <DATE>20241102</DATE>
            <DISPLAYDATE>02-11-2024</DISPLAYDATE>
            <PERSISTEDVIEW>Accounting Voucher View</PERSISTEDVIEW>
            <VOUCHERTYPENAME>Sales</VOUCHERTYPENAME>
            <VOUCHERNUMBER>SL-00125</VOUCHERNUMBER>
            <NARRATION>Sales entry generated for 2024-11-02</NARRATION>
            <ALLLEDGERENTRIES.LIST>
              <LEDGERNAME>Sales</LEDGERNAME>
              <ISDEEMEDPOSITIVE>No</ISDEEMEDPOSITIVE>
              <AMOUNT>-3385.12</AMOUNT>
            </ALLLEDGERENTRIES.LIST>
            <ALLLEDGERENTRIES.LIST>
              <LEDGERNAME>Cash</LEDGERNAME>
              <ISDEEMEDPOSITIVE>Yes</ISDEEMEDPOSITIVE>
              <AMOUNT>3385.12</AMOUNT>
            </ALLLEDGERENTRIES.LIST>
          </VOUCHER>
        </TALLYMESSAGE>
        <TALLYMESSAGE xmlns:UDF="TallyUDF">
          <VOUCHER VCHTYPE="Sales" ACTION="Create">
            <DATE>20241103</DATE>
            <DISPLAYDATE>03-11-2024</DISPLAYDATE>
            <PERSISTEDVIEW>Accounting Voucher View</PERSISTEDVIEW>
            <VOUCHERTYPENAME>Sales</VOUCHERTYPENAME>
            <VOUCHERNUMBER>SL-00126</VOUCHERNUMBER>
            <NARRATION>Sales entry generated for 2024-11-03</NARRATION>
            <ALLLEDGERENTRIES.LIST>
              <LEDGERNAME>Sales</LEDGERNAME>
              <ISDEEMEDPOSITIVE>No</ISDEEMEDPOSITIVE>
              <AMOUNT>-4136.32</AMOUNT>
            </ALLLEDGERENTRIES.LIST>
            <ALLLEDGERENTRIES.LIST>
              <LEDGERNAME>Cash</LEDGERNAME>
              <ISDEEMEDPOSITIVE>Yes</ISDEEMEDPOSITIVE>
              <AMOUNT>4136.32</AMOUNT>
            </ALLLEDGERENTRIES.LIST>
          </VOUCHER>
        </TALLYMESSAGE>
        <TALLYMESSAGE xmlns:UDF="TallyUDF">
          <VOUCHER VCHTYPE="Sales" ACTION="Create">
            <DATE>20241104</DATE>
            <DISPLAYDATE>04-11-2024</DISPLAYDATE>
            <PERSISTEDVIEW>Accounting Voucher View</PERSISTEDVIEW>
            <VOUCHERTYPENAME>Sales</VOUCHERTYPENAME>
            <VOUCHERNUMBER>SL-00127</VOUCHERNUMBER>
            <NARRATION>Sales entry generated for 2024-11-04</NARRATION>
            <ALLLEDGERENTRIES.LIST>
              <LEDGERNAME>Sales</LEDGERNAME>
              <ISDEEMEDPOSITIVE>No</ISDEEMEDPOSITIVE>
              <AMOUNT>-3204.95</AMOUNT>
            </ALLLEDGERENTRIES.LIST>
            <ALLLEDGERENTRIES.LIST>
              <LEDGERNAME>Cash</LEDGERNAME>
              <ISDEEMEDPOSITIVE>Yes</ISDEEMEDPOSITIVE>
              <AMOUNT>3204.95</AMOUNT>
            </ALLLEDGERENTRIES.LIST>
          </VOUCHER>
        </TALLYMESSAGE>
        <TALLYMESSAGE xmlns:UDF="TallyUDF">
          <VOUCHER VCHTYPE="Sales" ACTION="Create">
            <DATE>20241105</DATE>
            <DISPLAYDATE>05-11-2024</DISPLAYDATE>
            <PERSISTEDVIEW>Accounting Voucher View</PERSISTEDVIEW>
            <VOUCHERTYPENAME>Sales</VOUCHERTYPENAME>
            <VOUCHERNUMBER>SL-00128</VOUCHERNUMBER>
            <NARRATION>Sales entry generated for 2024-11-05</NARRATION>
            <ALLLEDGERENTRIES.LIST>
              <LEDGERNAME>Sales</LEDGERNAME>
              <ISDEEMEDPOSITIVE>No</ISDEEMEDPOSITIVE>
              <AMOUNT>-3455.50</AMOUNT>
            </ALLLEDGERENTRIES.LIST>
            <ALLLEDGERENTRIES.LIST>
              <LEDGERNAME>Cash</LEDGERNAME>
              <ISDEEMEDPOSITIVE>Yes</ISDEEMEDPOSITIVE>
              <AMOUNT>3455.50</AMOUNT>
            </ALLLEDGERENTRIES.LIST>
          </VOUCHER>
        </TALLYMESSAGE>
        <TALLYMESSAGE xmlns:UDF="TallyUDF">
          <VOUCHER VCHTYPE="Sales" ACTION="Create">
            <DATE>20241106</DATE>
            <DISPLAYDATE>06-11-2024</DISPLAYDATE>
            <PERSISTEDVIEW>Accounting Voucher View</PERSISTEDVIEW>
            <VOUCHERTYPENAME>Sales</VOUCHERTYPENAME>
            <VOUCHERNUMBER>SL-00129</VOUCHERNUMBER>
            <NARRATION>Sales entry generated for 2024-11-06</NARRATION>
            <ALLLEDGERENTRIES.LIST>
              <LEDGERNAME>Sales</LEDGERNAME>
              <ISDEEMEDPOSITIVE>No</ISDEEMEDPOSITIVE>
              <AMOUNT>-3209.14</AMOUNT>
            </ALLLEDGERENTRIES.LIST>
            <ALLLEDGERENTRIES.LIST>
              <LEDGERNAME>Cash</LEDGERNAME>
              <ISDEEMEDPOSITIVE>Yes</ISDEEMEDPOSITIVE>
              <AMOUNT>3209.14</AMOUNT>
            </ALLLEDGERENTRIES.LIST>
          </VOUCHER>
        </TALLYMESSAGE>
        <TALLYMESSAGE xmlns:UDF="TallyUDF">
          <VOUCHER VCHTYPE="Sales" ACTION="Create">
            <DATE>20241107</DATE>
            <DISPLAYDATE>07-11-2024</DISPLAYDATE>
            <PERSISTEDVIEW>Accounting Voucher View</PERSISTEDVIEW>
            <VOUCHERTYPENAME>Sales</VOUCHERTYPENAME>
            <VOUCHERNUMBER>SL-00130</VOUCHERNUMBER>
            <NARRATION>Sales entry generated for 2024-11-07</NARRATION>
            <ALLLEDGERENTRIES.LIST>
              <LEDGERNAME>Sales</LEDGERNAME>
              <ISDEEMEDPOSITIVE>No</ISDEEMEDPOSITIVE>
              <AMOUNT>-3529.14</AMOUNT>
            </ALLLEDGERENTRIES.LIST>
            <ALLLEDGERENTRIES.LIST>
              <LEDGERNAME>Cash</LEDGERNAME>
              <ISDEEMEDPOSITIVE>Yes</ISDEEMEDPOSITIVE>
              <AMOUNT>3529.14</AMOUNT>
            </ALLLEDGERENTRIES.LIST>
          </VOUCHER>
        </TALLYMESSAGE>
        <TALLYMESSAGE xmlns:UDF="TallyUDF">
          <VOUCHER VCHTYPE="Sales" ACTION="Create">
            <DATE>20241108</DATE>
            <DISPLAYDATE>08-11-2024</DISPLAYDATE>
            <PERSISTEDVIEW>Accounting Voucher View</PERSISTEDVIEW>
            <VOUCHERTYPENAME>Sales</VOUCHERTYPENAME>
            <VOUCHERNUMBER>SL-00131</VOUCHERNUMBER>
            <NARRATION>Sales entry generated for 2024-11-08</NARRATION>
            <ALLLEDGERENTRIES.LIST>
              <LEDGERNAME>Sales</LEDGERNAME>
              <ISDEEMEDPOSITIVE>No</ISDEEMEDPOSITIVE>
              <AMOUNT>-2821.54</AMOUNT>
            </ALLLEDGERENTRIES.LIST>
            <ALLLEDGERENTRIES.LIST>
              <LEDGERNAME>Cash</LEDGERNAME>
              <ISDEEMEDPOSITIVE>Yes</ISDEEMEDPOSITIVE>
              <AMOUNT>2821.54</AMOUNT>
            </ALLLEDGERENTRIES.LIST>
          </VOUCHER>
        </TALLYMESSAGE>
        <TALLYMESSAGE xmlns:UDF="TallyUDF">
          <VOUCHER VCHTYPE="Sales" ACTION="Create">
            <DATE>20241109</DATE>
            <DISPLAYDATE>09-11-2024</DISPLAYDATE>
            <PERSISTEDVIEW>Accounting Voucher View</PERSISTEDVIEW>
            <VOUCHERTYPENAME>Sales</VOUCHERTYPENAME>
            <VOUCHERNUMBER>SL-00132</VOUCHERNUMBER>
            <NARRATION>Sales entry generated for 2024-11-09</NARRATION>
            <ALLLEDGERENTRIES.LIST>
              <LEDGERNAME>Sales</LEDGERNAME>
              <ISDEEMEDPOSITIVE>No</ISDEEMEDPOSITIVE>
              <AMOUNT>-3765.77</AMOUNT>
            </ALLLEDGERENTRIES.LIST>
            <ALLLEDGERENTRIES.LIST>
              <LEDGERNAME>Cash</LEDGERNAME>
              <ISDEEMEDPOSITIVE>Yes</ISDEEMEDPOSITIVE>
              <AMOUNT>3765.77</AMOUNT>
            </ALLLEDGERENTRIES.LIST>
          </VOUCHER>
        </TALLYMESSAGE>
        <TALLYMESSAGE xmlns:UDF="TallyUDF">
          <VOUCHER VCHTYPE="Sales" ACTION="Create">
            <DATE>20241110</DATE>
            <DISPLAYDATE>10-11-2024</DISPLAYDATE>
            <PERSISTEDVIEW>Accounting Voucher View</PERSISTEDVIEW>
            <VOUCHERTYPENAME>Sales</VOUCHERTYPENAME>
            <VOUCHERNUMBER>SL-00133</VOUCHERNUMBER>
            <NARRATION>Sales entry generated for 2024-11-10</NARRATION>
            <ALLLEDGERENTRIES.LIST>
              <LEDGERNAME>Sales</LEDGERNAME>
              <ISDEEMEDPOSITIVE>No</ISDEEMEDPOSITIVE>
              <AMOUNT>-4130.87</AMOUNT>
            </ALLLEDGERENTRIES.LIST>
            <ALLLEDGERENTRIES.LIST>
              <LEDGERNAME>Cash</LEDGERNAME>
              <ISDEEMEDPOSITIVE>Yes</ISDEEMEDPOSITIVE>
              <AMOUNT>4130.87</AMOUNT>
            </ALLLEDGERENTRIES.LIST>
          </VOUCHER>
        </TALLYMESSAGE>
        <TALLYMESSAGE xmlns:UDF="TallyUDF">
          <VOUCHER VCHTYPE="Sales" ACTION="Create">
            <DATE>20241111</DATE>
            <DISPLAYDATE>11-11-2024</DISPLAYDATE>
            <PERSISTEDVIEW>Accounting Voucher View</PERSISTEDVIEW>
            <VOUCHERTYPENAME>Sales</VOUCHERTYPENAME>
            <VOUCHERNUMBER>SL-00134</VOUCHERNUMBER>
            <NARRATION>Sales entry generated for 2024-11-11</NARRATION>
            <ALLLEDGERENTRIES.LIST>
              <LEDGERNAME>Sales</LEDGERNAME>
              <ISDEEMEDPOSITIVE>No</ISDEEMEDPOSITIVE>
              <AMOUNT>-3849.70</AMOUNT>
            </ALLLEDGERENTRIES.LIST>
            <ALLLEDGERENTRIES.LIST>
              <LEDGERNAME>Cash</LEDGERNAME>
              <ISDEEMEDPOSITIVE>Yes</ISDEEMEDPOSITIVE>
              <AMOUNT>3849.70</AMOUNT>
            </ALLLEDGERENTRIES.LIST>
          </VOUCHER>
        </TALLYMESSAGE>
        <TALLYMESSAGE xmlns:UDF="TallyUDF">
          <VOUCHER VCHTYPE="Sales" ACTION="Create">
            <DATE>20241112</DATE>
            <DISPLAYDATE>12-11-2024</DISPLAYDATE>
            <PERSISTEDVIEW>Accounting Voucher View</PERSISTEDVIEW>
            <VOUCHERTYPENAME>Sales</VOUCHERTYPENAME>
            <VOUCHERNUMBER>SL-00135</VOUCHERNUMBER>
            <NARRATION>Sales entry generated for 2024-11-12</NARRATION>
            <ALLLEDGERENTRIES.LIST>
              <LEDGERNAME>Sales</LEDGERNAME>
              <ISDEEMEDPOSITIVE>No</ISDEEMEDPOSITIVE>
              <AMOUNT>-2721.48</AMOUNT>
            </ALLLEDGERENTRIES.LIST>
            <ALLLEDGERENTRIES.LIST>
              <LEDGERNAME>Cash</LEDGERNAME>
              <ISDEEMEDPOSITIVE>Yes</ISDEEMEDPOSITIVE>
              <AMOUNT>2721.48</AMOUNT>
            </ALLLEDGERENTRIES.LIST>
          </VOUCHER>
        </TALLYMESSAGE>
        <TALLYMESSAGE xmlns:UDF="TallyUDF">
          <VOUCHER VCHTYPE="Sales" ACTION="Create">
            <DATE>20241113</DATE>
            <DISPLAYDATE>13-11-2024</DISPLAYDATE>
            <PERSISTEDVIEW>Accounting Voucher View</PERSISTEDVIEW>
            <VOUCHERTYPENAME>Sales</VOUCHERTYPENAME>
            <VOUCHERNUMBER>SL-00136</VOUCHERNUMBER>
            <NARRATION>Sales entry generated for 2024-11-13</NARRATION>
            <ALLLEDGERENTRIES.LIST>
              <LEDGERNAME>Sales</LEDGERNAME>
              <ISDEEMEDPOSITIVE>No</ISDEEMEDPOSITIVE>
              <AMOUNT>-3057.11</AMOUNT>
            </ALLLEDGERENTRIES.LIST>
            <ALLLEDGERENTRIES.LIST>
              <LEDGERNAME>Cash</LEDGERNAME>
              <ISDEEMEDPOSITIVE>Yes</ISDEEMEDPOSITIVE>
              <AMOUNT>3057.11</AMOUNT>
            </ALLLEDGERENTRIES.LIST>
          </VOUCHER>
        </TALLYMESSAGE>
        <TALLYMESSAGE xmlns:UDF="TallyUDF">
          <VOUCHER VCHTYPE="Sales" ACTION="Create">
            <DATE>20241114</DATE>
            <DISPLAYDATE>14-11-2024</DISPLAYDATE>
            <PERSISTEDVIEW>Accounting Voucher View</PERSISTEDVIEW>
            <VOUCHERTYPENAME>Sales</VOUCHERTYPENAME>
            <VOUCHERNUMBER>SL-00137</VOUCHERNUMBER>
            <NARRATION>Sales entry generated for 2024-11-14</NARRATION>
            <ALLLEDGERENTRIES.LIST>
              <LEDGERNAME>Sales</LEDGERNAME>
              <ISDEEMEDPOSITIVE>No</ISDEEMEDPOSITIVE>
              <AMOUNT>-3843.02</AMOUNT>
            </ALLLEDGERENTRIES.LIST>
            <ALLLEDGERENTRIES.LIST>
              <LEDGERNAME>Cash</LEDGERNAME>
              <ISDEEMEDPOSITIVE>Yes</ISDEEMEDPOSITIVE>
              <AMOUNT>3843.02</AMOUNT>
            </ALLLEDGERENTRIES.LIST>
          </VOUCHER>
        </TALLYMESSAGE>
        <TALLYMESSAGE xmlns:UDF="TallyUDF">
          <VOUCHER VCHTYPE="Sales" ACTION="Create">
            <DATE>20241115</DATE>
            <DISPLAYDATE>15-11-2024</DISPLAYDATE>
            <PERSISTEDVIEW>Accounting Voucher View</PERSISTEDVIEW>
            <VOUCHERTYPENAME>Sales</VOUCHERTYPENAME>
            <VOUCHERNUMBER>SL-00138</VOUCHERNUMBER>
            <NARRATION>Sales entry generated for 2024-11-15</NARRATION>
            <ALLLEDGERENTRIES.LIST>
              <LEDGERNAME>Sales</LEDGERNAME>
              <ISDEEMEDPOSITIVE>No</ISDEEMEDPOSITIVE>
              <AMOUNT>-3380.47</AMOUNT>
            </ALLLEDGERENTRIES.LIST>
            <ALLLEDGERENTRIES.LIST>
              <LEDGERNAME>Cash</LEDGERNAME>
              <ISDEEMEDPOSITIVE>Yes</ISDEEMEDPOSITIVE>
              <AMOUNT>3380.47</AMOUNT>
            </ALLLEDGERENTRIES.LIST>
          </VOUCHER>
        </TALLYMESSAGE>
        <TALLYMESSAGE xmlns:UDF="TallyUDF">
          <VOUCHER VCHTYPE="Sales" ACTION="Create">
            <DATE>20241116</DATE>
            <DISPLAYDATE>16-11-2024</DISPLAYDATE>
            <PERSISTEDVIEW>Accounting Voucher View</PERSISTEDVIEW>
            <VOUCHERTYPENAME>Sales</VOUCHERTYPENAME>
            <VOUCHERNUMBER>SL-00139</VOUCHERNUMBER>
            <NARRATION>Sales entry generated for 2024-11-16</NARRATION>
            <ALLLEDGERENTRIES.LIST>
              <LEDGERNAME>Sales</LEDGERNAME>
              <ISDEEMEDPOSITIVE>No</ISDEEMEDPOSITIVE>
              <AMOUNT>-4194.39</AMOUNT>
            </ALLLEDGERENTRIES.LIST>
            <ALLLEDGERENTRIES.LIST>
              <LEDGERNAME>Cash</LEDGERNAME>
              <ISDEEMEDPOSITIVE>Yes</ISDEEMEDPOSITIVE>
              <AMOUNT>4194.39</AMOUNT>
            </ALLLEDGERENTRIES.LIST>
          </VOUCHER>
        </TALLYMESSAGE>
        <TALLYMESSAGE xmlns:UDF="TallyUDF">
          <VOUCHER VCHTYPE="Sales" ACTION="Create">
            <DATE>20241117</DATE>
            <DISPLAYDATE>17-11-2024</DISPLAYDATE>
            <PERSISTEDVIEW>Accounting Voucher View</PERSISTEDVIEW>
            <VOUCHERTYPENAME>Sales</VOUCHERTYPENAME>
            <VOUCHERNUMBER>SL-00140</VOUCHERNUMBER>
            <NARRATION>Sales entry generated for 2024-11-17</NARRATION>
            <ALLLEDGERENTRIES.LIST>
              <LEDGERNAME>Sales</LEDGERNAME>
              <ISDEEMEDPOSITIVE>No</ISDEEMEDPOSITIVE>
              <AMOUNT>-4517.82</AMOUNT>
            </ALLLEDGERENTRIES.LIST>
            <ALLLEDGERENTRIES.LIST>
              <LEDGERNAME>Cash</LEDGERNAME>
              <ISDEEMEDPOSITIVE>Yes</ISDEEMEDPOSITIVE>
              <AMOUNT>4517.82</AMOUNT>
            </ALLLEDGERENTRIES.LIST>
          </VOUCHER>
        </TALLYMESSAGE>
        <TALLYMESSAGE xmlns:UDF="TallyUDF">
          <VOUCHER VCHTYPE="Sales" ACTION="Create">
            <DATE>20241118</DATE>
            <DISPLAYDATE>18-11-2024</DISPLAYDATE>
            <PERSISTEDVIEW>Accounting Voucher View</PERSISTEDVIEW>
            <VOUCHERTYPENAME>Sales</VOUCHERTYPENAME>
            <VOUCHERNUMBER>SL-00141</VOUCHERNUMBER>
            <NARRATION>Sales entry generated for 2024-11-18</NARRATION>
            <ALLLEDGERENTRIES.LIST>
              <LEDGERNAME>Sales</LEDGERNAME>
              <ISDEEMEDPOSITIVE>No</ISDEEMEDPOSITIVE>
              <AMOUNT>-3731.39</AMOUNT>
            </ALLLEDGERENTRIES.LIST>
            <ALLLEDGERENTRIES.LIST>
              <LEDGERNAME>Cash</LEDGERNAME>
              <ISDEEMEDPOSITIVE>Yes</ISDEEMEDPOSITIVE>
              <AMOUNT>3731.39</AMOUNT>
            </ALLLEDGERENTRIES.LIST>
          </VOUCHER>
        </TALLYMESSAGE>
        <TALLYMESSAGE xmlns:UDF="TallyUDF">
          <VOUCHER VCHTYPE="Sales" ACTION="Create">
            <DATE>20241119</DATE>
            <DISPLAYDATE>19-11-2024</DISPLAYDATE>
            <PERSISTEDVIEW>Accounting Voucher View</PERSISTEDVIEW>
            <VOUCHERTYPENAME>Sales</VOUCHERTYPENAME>
            <VOUCHERNUMBER>SL-00142</VOUCHERNUMBER>
            <NARRATION>Sales entry generated for 2024-11-19</NARRATION>
            <ALLLEDGERENTRIES.LIST>
              <LEDGERNAME>Sales</LEDGERNAME>
              <ISDEEMEDPOSITIVE>No</ISDEEMEDPOSITIVE>
              <AMOUNT>-3979.51</AMOUNT>
            </ALLLEDGERENTRIES.LIST>
            <ALLLEDGERENTRIES.LIST>
              <LEDGERNAME>Cash</LEDGERNAME>
              <ISDEEMEDPOSITIVE>Yes</ISDEEMEDPOSITIVE>
              <AMOUNT>3979.51</AMOUNT>
            </ALLLEDGERENTRIES.LIST>
          </VOUCHER>
        </TALLYMESSAGE>
        <TALLYMESSAGE xmlns:UDF="TallyUDF">
          <VOUCHER VCHTYPE="Sales" ACTION="Create">
            <DATE>20241120</DATE>
            <DISPLAYDATE>20-11-2024</DISPLAYDATE>
            <PERSISTEDVIEW>Accounting Voucher View</PERSISTEDVIEW>
            <VOUCHERTYPENAME>Sales</VOUCHERTYPENAME>
            <VOUCHERNUMBER>SL-00143</VOUCHERNUMBER>
            <NARRATION>Sales entry generated for 2024-11-20</NARRATION>
            <ALLLEDGERENTRIES.LIST>
              <LEDGERNAME>Sales</LEDGERNAME>
              <ISDEEMEDPOSITIVE>No</ISDEEMEDPOSITIVE>
              <AMOUNT>-3679.05</AMOUNT>
            </ALLLEDGERENTRIES.LIST>
            <ALLLEDGERENTRIES.LIST>
              <LEDGERNAME>Cash</LEDGERNAME>
              <ISDEEMEDPOSITIVE>Yes</ISDEEMEDPOSITIVE>
              <AMOUNT>3679.05</AMOUNT>
            </ALLLEDGERENTRIES.LIST>
          </VOUCHER>
        </TALLYMESSAGE>
        <TALLYMESSAGE xmlns:UDF="TallyUDF">
          <VOUCHER VCHTYPE="Sales" ACTION="Create">
            <DATE>20241121</DATE>
            <DISPLAYDATE>21-11-2024</DISPLAYDATE>
            <PERSISTEDVIEW>Accounting Voucher View</PERSISTEDVIEW>
            <VOUCHERTYPENAME>Sales</VOUCHERTYPENAME>
            <VOUCHERNUMBER>SL-00144</VOUCHERNUMBER>
            <NARRATION>Sales entry generated for 2024-11-21</NARRATION>
            <ALLLEDGERENTRIES.LIST>
              <LEDGERNAME>Sales</LEDGERNAME>
              <ISDEEMEDPOSITIVE>No</ISDEEMEDPOSITIVE>
              <AMOUNT>-3844.02</AMOUNT>
            </ALLLEDGERENTRIES.LIST>
            <ALLLEDGERENTRIES.LIST>
              <LEDGERNAME>Cash</LEDGERNAME>
              <ISDEEMEDPOSITIVE>Yes</ISDEEMEDPOSITIVE>
              <AMOUNT>3844.02</AMOUNT>
            </ALLLEDGERENTRIES.LIST>
          </VOUCHER>
        </TALLYMESSAGE>
        <TALLYMESSAGE xmlns:UDF="TallyUDF">
          <VOUCHER VCHTYPE="Sales" ACTION="Create">
            <DATE>20241122</DATE>
            <DISPLAYDATE>22-11-2024</DISPLAYDATE>
            <PERSISTEDVIEW>Accounting Voucher View</PERSISTEDVIEW>
            <VOUCHERTYPENAME>Sales</VOUCHERTYPENAME>
            <VOUCHERNUMBER>SL-00145</VOUCHERNUMBER>
            <NARRATION>Sales entry generated for 2024-11-22</NARRATION>
            <ALLLEDGERENTRIES.LIST>
              <LEDGERNAME>Sales</LEDGERNAME>
              <ISDEEMEDPOSITIVE>No</ISDEEMEDPOSITIVE>
              <AMOUNT>-3856.28</AMOUNT>
            </ALLLEDGERENTRIES.LIST>
            <ALLLEDGERENTRIES.LIST>
              <LEDGERNAME>Cash</LEDGERNAME>
              <ISDEEMEDPOSITIVE>Yes</ISDEEMEDPOSITIVE>
              <AMOUNT>3856.28</AMOUNT>
            </ALLLEDGERENTRIES.LIST>
          </VOUCHER>
        </TALLYMESSAGE>
        <TALLYMESSAGE xmlns:UDF="TallyUDF">
          <VOUCHER VCHTYPE="Sales" ACTION="Create">
            <DATE>20241123</DATE>
            <DISPLAYDATE>23-11-2024</DISPLAYDATE>
            <PERSISTEDVIEW>Accounting Voucher View</PERSISTEDVIEW>
            <VOUCHERTYPENAME>Sales</VOUCHERTYPENAME>
            <VOUCHERNUMBER>SL-00146</VOUCHERNUMBER>
            <NARRATION>Sales entry generated for 2024-11-23</NARRATION>
            <ALLLEDGERENTRIES.LIST>
              <LEDGERNAME>Sales</LEDGERNAME>
              <ISDEEMEDPOSITIVE>No</ISDEEMEDPOSITIVE>
              <AMOUNT>-3052.57</AMOUNT>
            </ALLLEDGERENTRIES.LIST>
            <ALLLEDGERENTRIES.LIST>
              <LEDGERNAME>Cash</LEDGERNAME>
              <ISDEEMEDPOSITIVE>Yes</ISDEEMEDPOSITIVE>
              <AMOUNT>3052.57</AMOUNT>
            </ALLLEDGERENTRIES.LIST>
          </VOUCHER>
        </TALLYMESSAGE>
        <TALLYMESSAGE xmlns:UDF="TallyUDF">
          <VOUCHER VCHTYPE="Sales" ACTION="Create">
            <DATE>20241124</DATE>
            <DISPLAYDATE>24-11-2024</DISPLAYDATE>
            <PERSISTEDVIEW>Accounting Voucher View</PERSISTEDVIEW>
            <VOUCHERTYPENAME>Sales</VOUCHERTYPENAME>
            <VOUCHERNUMBER>SL-00147</VOUCHERNUMBER>
            <NARRATION>Sales entry generated for 2024-11-24</NARRATION>
            <ALLLEDGERENTRIES.LIST>
              <LEDGERNAME>Sales</LEDGERNAME>
              <ISDEEMEDPOSITIVE>No</ISDEEMEDPOSITIVE>
              <AMOUNT>-4293.07</AMOUNT>
            </ALLLEDGERENTRIES.LIST>
            <ALLLEDGERENTRIES.LIST>
              <LEDGERNAME>Cash</LEDGERNAME>
              <ISDEEMEDPOSITIVE>Yes</ISDEEMEDPOSITIVE>
              <AMOUNT>4293.07</AMOUNT>
            </ALLLEDGERENTRIES.LIST>
          </VOUCHER>
        </TALLYMESSAGE>
        <TALLYMESSAGE xmlns:UDF="TallyUDF">
          <VOUCHER VCHTYPE="Sales" ACTION="Create">
            <DATE>20241125</DATE>
            <DISPLAYDATE>25-11-2024</DISPLAYDATE>
            <PERSISTEDVIEW>Accounting Voucher View</PERSISTEDVIEW>
            <VOUCHERTYPENAME>Sales</VOUCHERTYPENAME>
            <VOUCHERNUMBER>SL-00148</VOUCHERNUMBER>
            <NARRATION>Sales entry generated for 2024-11-25</NARRATION>
            <ALLLEDGERENTRIES.LIST>
              <LEDGERNAME>Sales</LEDGERNAME>
              <ISDEEMEDPOSITIVE>No</ISDEEMEDPOSITIVE>
              <AMOUNT>-2731.01</AMOUNT>
            </ALLLEDGERENTRIES.LIST>
            <ALLLEDGERENTRIES.LIST>
              <LEDGERNAME>Cash</LEDGERNAME>
              <ISDEEMEDPOSITIVE>Yes</ISDEEMEDPOSITIVE>
              <AMOUNT>2731.01</AMOUNT>
            </ALLLEDGERENTRIES.LIST>
          </VOUCHER>
        </TALLYMESSAGE>
        <TALLYMESSAGE xmlns:UDF="TallyUDF">
          <VOUCHER VCHTYPE="Sales" ACTION="Create">
            <DATE>20241126</DATE>
            <DISPLAYDATE>26-11-2024</DISPLAYDATE>
            <PERSISTEDVIEW>Accounting Voucher View</PERSISTEDVIEW>
            <VOUCHERTYPENAME>Sales</VOUCHERTYPENAME>
            <VOUCHERNUMBER>SL-00149</VOUCHERNUMBER>
            <NARRATION>Sales entry generated for 2024-11-26</NARRATION>
            <ALLLEDGERENTRIES.LIST>
              <LEDGERNAME>Sales</LEDGERNAME>
              <ISDEEMEDPOSITIVE>No</ISDEEMEDPOSITIVE>
              <AMOUNT>-3067.34</AMOUNT>
            </ALLLEDGERENTRIES.LIST>
            <ALLLEDGERENTRIES.LIST>
              <LEDGERNAME>Cash</LEDGERNAME>
              <ISDEEMEDPOSITIVE>Yes</ISDEEMEDPOSITIVE>
              <AMOUNT>3067.34</AMOUNT>
            </ALLLEDGERENTRIES.LIST>
          </VOUCHER>
        </TALLYMESSAGE>
        <TALLYMESSAGE xmlns:UDF="TallyUDF">
          <VOUCHER VCHTYPE="Sales" ACTION="Create">
            <DATE>20241127</DATE>
            <DISPLAYDATE>27-11-2024</DISPLAYDATE>
            <PERSISTEDVIEW>Accounting Voucher View</PERSISTEDVIEW>
            <VOUCHERTYPENAME>Sales</VOUCHERTYPENAME>
            <VOUCHERNUMBER>SL-00150</VOUCHERNUMBER>
            <NARRATION>Sales entry generated for 2024-11-27</NARRATION>
            <ALLLEDGERENTRIES.LIST>
              <LEDGERNAME>Sales</LEDGERNAME>
              <ISDEEMEDPOSITIVE>No</ISDEEMEDPOSITIVE>
              <AMOUNT>-4486.37</AMOUNT>
            </ALLLEDGERENTRIES.LIST>
            <ALLLEDGERENTRIES.LIST>
              <LEDGERNAME>Cash</LEDGERNAME>
              <ISDEEMEDPOSITIVE>Yes</ISDEEMEDPOSITIVE>
              <AMOUNT>4486.37</AMOUNT>
            </ALLLEDGERENTRIES.LIST>
          </VOUCHER>
        </TALLYMESSAGE>
        <TALLYMESSAGE xmlns:UDF="TallyUDF">
          <VOUCHER VCHTYPE="Sales" ACTION="Create">
            <DATE>20241128</DATE>
            <DISPLAYDATE>28-11-2024</DISPLAYDATE>
            <PERSISTEDVIEW>Accounting Voucher View</PERSISTEDVIEW>
            <VOUCHERTYPENAME>Sales</VOUCHERTYPENAME>
            <VOUCHERNUMBER>SL-00151</VOUCHERNUMBER>
            <NARRATION>Sales entry generated for 2024-11-28</NARRATION>
            <ALLLEDGERENTRIES.LIST>
              <LEDGERNAME>Sales</LEDGERNAME>
              <ISDEEMEDPOSITIVE>No</ISDEEMEDPOSITIVE>
              <AMOUNT>-2718.34</AMOUNT>
            </ALLLEDGERENTRIES.LIST>
            <ALLLEDGERENTRIES.LIST>
              <LEDGERNAME>Cash</LEDGERNAME>
              <ISDEEMEDPOSITIVE>Yes</ISDEEMEDPOSITIVE>
              <AMOUNT>2718.34</AMOUNT>
            </ALLLEDGERENTRIES.LIST>
          </VOUCHER>
        </TALLYMESSAGE>
        <TALLYMESSAGE xmlns:UDF="TallyUDF">
          <VOUCHER VCHTYPE="Sales" ACTION="Create">
            <DATE>20241129</DATE>
            <DISPLAYDATE>29-11-2024</DISPLAYDATE>
            <PERSISTEDVIEW>Accounting Voucher View</PERSISTEDVIEW>
            <VOUCHERTYPENAME>Sales</VOUCHERTYPENAME>
            <VOUCHERNUMBER>SL-00152</VOUCHERNUMBER>
            <NARRATION>Sales entry generated for 2024-11-29</NARRATION>
            <ALLLEDGERENTRIES.LIST>
              <LEDGERNAME>Sales</LEDGERNAME>
              <ISDEEMEDPOSITIVE>No</ISDEEMEDPOSITIVE>
              <AMOUNT>-4617.89</AMOUNT>
            </ALLLEDGERENTRIES.LIST>
            <ALLLEDGERENTRIES.LIST>
              <LEDGERNAME>Cash</LEDGERNAME>
              <ISDEEMEDPOSITIVE>Yes</ISDEEMEDPOSITIVE>
              <AMOUNT>4617.89</AMOUNT>
            </ALLLEDGERENTRIES.LIST>
          </VOUCHER>
        </TALLYMESSAGE>
        <TALLYMESSAGE xmlns:UDF="TallyUDF">
          <VOUCHER VCHTYPE="Sales" ACTION="Create">
            <DATE>20241130</DATE>
            <DISPLAYDATE>30-11-2024</DISPLAYDATE>
            <PERSISTEDVIEW>Accounting Voucher View</PERSISTEDVIEW>
            <VOUCHERTYPENAME>Sales</VOUCHERTYPENAME>
            <VOUCHERNUMBER>SL-00153</VOUCHERNUMBER>
            <NARRATION>Sales entry generated for 2024-11-30</NARRATION>
            <ALLLEDGERENTRIES.LIST>
              <LEDGERNAME>Sales</LEDGERNAME>
              <ISDEEMEDPOSITIVE>No</ISDEEMEDPOSITIVE>
              <AMOUNT>-3892.58</AMOUNT>
            </ALLLEDGERENTRIES.LIST>
            <ALLLEDGERENTRIES.LIST>
              <LEDGERNAME>Cash</LEDGERNAME>
              <ISDEEMEDPOSITIVE>Yes</ISDEEMEDPOSITIVE>
              <AMOUNT>3892.58</AMOUNT>
            </ALLLEDGERENTRIES.LIST>
          </VOUCHER>
        </TALLYMESSAGE>
        <TALLYMESSAGE xmlns:UDF="TallyUDF">
          <VOUCHER VCHTYPE="Sales" ACTION="Create">
            <DATE>20241201</DATE>
            <DISPLAYDATE>01-12-2024</DISPLAYDATE>
            <PERSISTEDVIEW>Accounting Voucher View</PERSISTEDVIEW>
            <VOUCHERTYPENAME>Sales</VOUCHERTYPENAME>
            <VOUCHERNUMBER>SL-00154</VOUCHERNUMBER>
            <NARRATION>Sales entry generated for 2024-12-01</NARRATION>
            <ALLLEDGERENTRIES.LIST>
              <LEDGERNAME>Sales</LEDGERNAME>
              <ISDEEMEDPOSITIVE>No</ISDEEMEDPOSITIVE>
              <AMOUNT>-4480.75</AMOUNT>
            </ALLLEDGERENTRIES.LIST>
            <ALLLEDGERENTRIES.LIST>
              <LEDGERNAME>Cash</LEDGERNAME>
              <ISDEEMEDPOSITIVE>Yes</ISDEEMEDPOSITIVE>
              <AMOUNT>4480.75</AMOUNT>
            </ALLLEDGERENTRIES.LIST>
          </VOUCHER>
        </TALLYMESSAGE>
        <TALLYMESSAGE xmlns:UDF="TallyUDF">
          <VOUCHER VCHTYPE="Sales" ACTION="Create">
            <DATE>20241202</DATE>
            <DISPLAYDATE>02-12-2024</DISPLAYDATE>
            <PERSISTEDVIEW>Accounting Voucher View</PERSISTEDVIEW>
            <VOUCHERTYPENAME>Sales</VOUCHERTYPENAME>
            <VOUCHERNUMBER>SL-00155</VOUCHERNUMBER>
            <NARRATION>Sales entry generated for 2024-12-02</NARRATION>
            <ALLLEDGERENTRIES.LIST>
              <LEDGERNAME>Sales</LEDGERNAME>
              <ISDEEMEDPOSITIVE>No</ISDEEMEDPOSITIVE>
              <AMOUNT>-4810.60</AMOUNT>
            </ALLLEDGERENTRIES.LIST>
            <ALLLEDGERENTRIES.LIST>
              <LEDGERNAME>Cash</LEDGERNAME>
              <ISDEEMEDPOSITIVE>Yes</ISDEEMEDPOSITIVE>
              <AMOUNT>4810.60</AMOUNT>
            </ALLLEDGERENTRIES.LIST>
          </VOUCHER>
        </TALLYMESSAGE>
        <TALLYMESSAGE xmlns:UDF="TallyUDF">
          <VOUCHER VCHTYPE="Sales" ACTION="Create">
            <DATE>20241203</DATE>
            <DISPLAYDATE>03-12-2024</DISPLAYDATE>
            <PERSISTEDVIEW>Accounting Voucher View</PERSISTEDVIEW>
            <VOUCHERTYPENAME>Sales</VOUCHERTYPENAME>
            <VOUCHERNUMBER>SL-00156</VOUCHERNUMBER>
            <NARRATION>Sales entry generated for 2024-12-03</NARRATION>
            <ALLLEDGERENTRIES.LIST>
              <LEDGERNAME>Sales</LEDGERNAME>
              <ISDEEMEDPOSITIVE>No</ISDEEMEDPOSITIVE>
              <AMOUNT>-4404.37</AMOUNT>
            </ALLLEDGERENTRIES.LIST>
            <ALLLEDGERENTRIES.LIST>
              <LEDGERNAME>Cash</LEDGERNAME>
              <ISDEEMEDPOSITIVE>Yes</ISDEEMEDPOSITIVE>
              <AMOUNT>4404.37</AMOUNT>
            </ALLLEDGERENTRIES.LIST>
          </VOUCHER>
        </TALLYMESSAGE>
        <TALLYMESSAGE xmlns:UDF="TallyUDF">
          <VOUCHER VCHTYPE="Sales" ACTION="Create">
            <DATE>20241204</DATE>
            <DISPLAYDATE>04-12-2024</DISPLAYDATE>
            <PERSISTEDVIEW>Accounting Voucher View</PERSISTEDVIEW>
            <VOUCHERTYPENAME>Sales</VOUCHERTYPENAME>
            <VOUCHERNUMBER>SL-00157</VOUCHERNUMBER>
            <NARRATION>Sales entry generated for 2024-12-04</NARRATION>
            <ALLLEDGERENTRIES.LIST>
              <LEDGERNAME>Sales</LEDGERNAME>
              <ISDEEMEDPOSITIVE>No</ISDEEMEDPOSITIVE>
              <AMOUNT>-4074.16</AMOUNT>
            </ALLLEDGERENTRIES.LIST>
            <ALLLEDGERENTRIES.LIST>
              <LEDGERNAME>Cash</LEDGERNAME>
              <ISDEEMEDPOSITIVE>Yes</ISDEEMEDPOSITIVE>
              <AMOUNT>4074.16</AMOUNT>
            </ALLLEDGERENTRIES.LIST>
          </VOUCHER>
        </TALLYMESSAGE>
        <TALLYMESSAGE xmlns:UDF="TallyUDF">
          <VOUCHER VCHTYPE="Sales" ACTION="Create">
            <DATE>20241205</DATE>
            <DISPLAYDATE>05-12-2024</DISPLAYDATE>
            <PERSISTEDVIEW>Accounting Voucher View</PERSISTEDVIEW>
            <VOUCHERTYPENAME>Sales</VOUCHERTYPENAME>
            <VOUCHERNUMBER>SL-00158</VOUCHERNUMBER>
            <NARRATION>Sales entry generated for 2024-12-05</NARRATION>
            <ALLLEDGERENTRIES.LIST>
              <LEDGERNAME>Sales</LEDGERNAME>
              <ISDEEMEDPOSITIVE>No</ISDEEMEDPOSITIVE>
              <AMOUNT>-3950.55</AMOUNT>
            </ALLLEDGERENTRIES.LIST>
            <ALLLEDGERENTRIES.LIST>
              <LEDGERNAME>Cash</LEDGERNAME>
              <ISDEEMEDPOSITIVE>Yes</ISDEEMEDPOSITIVE>
              <AMOUNT>3950.55</AMOUNT>
            </ALLLEDGERENTRIES.LIST>
          </VOUCHER>
        </TALLYMESSAGE>
        <TALLYMESSAGE xmlns:UDF="TallyUDF">
          <VOUCHER VCHTYPE="Sales" ACTION="Create">
            <DATE>20241206</DATE>
            <DISPLAYDATE>06-12-2024</DISPLAYDATE>
            <PERSISTEDVIEW>Accounting Voucher View</PERSISTEDVIEW>
            <VOUCHERTYPENAME>Sales</VOUCHERTYPENAME>
            <VOUCHERNUMBER>SL-00159</VOUCHERNUMBER>
            <NARRATION>Sales entry generated for 2024-12-06</NARRATION>
            <ALLLEDGERENTRIES.LIST>
              <LEDGERNAME>Sales</LEDGERNAME>
              <ISDEEMEDPOSITIVE>No</ISDEEMEDPOSITIVE>
              <AMOUNT>-4636.00</AMOUNT>
            </ALLLEDGERENTRIES.LIST>
            <ALLLEDGERENTRIES.LIST>
              <LEDGERNAME>Cash</LEDGERNAME>
              <ISDEEMEDPOSITIVE>Yes</ISDEEMEDPOSITIVE>
              <AMOUNT>4636.00</AMOUNT>
            </ALLLEDGERENTRIES.LIST>
          </VOUCHER>
        </TALLYMESSAGE>
        <TALLYMESSAGE xmlns:UDF="TallyUDF">
          <VOUCHER VCHTYPE="Sales" ACTION="Create">
            <DATE>20241207</DATE>
            <DISPLAYDATE>07-12-2024</DISPLAYDATE>
            <PERSISTEDVIEW>Accounting Voucher View</PERSISTEDVIEW>
            <VOUCHERTYPENAME>Sales</VOUCHERTYPENAME>
            <VOUCHERNUMBER>SL-00160</VOUCHERNUMBER>
            <NARRATION>Sales entry generated for 2024-12-07</NARRATION>
            <ALLLEDGERENTRIES.LIST>
              <LEDGERNAME>Sales</LEDGERNAME>
              <ISDEEMEDPOSITIVE>No</ISDEEMEDPOSITIVE>
              <AMOUNT>-4490.15</AMOUNT>
            </ALLLEDGERENTRIES.LIST>
            <ALLLEDGERENTRIES.LIST>
              <LEDGERNAME>Cash</LEDGERNAME>
              <ISDEEMEDPOSITIVE>Yes</ISDEEMEDPOSITIVE>
              <AMOUNT>4490.15</AMOUNT>
            </ALLLEDGERENTRIES.LIST>
          </VOUCHER>
        </TALLYMESSAGE>
        <TALLYMESSAGE xmlns:UDF="TallyUDF">
          <VOUCHER VCHTYPE="Sales" ACTION="Create">
            <DATE>20241208</DATE>
            <DISPLAYDATE>08-12-2024</DISPLAYDATE>
            <PERSISTEDVIEW>Accounting Voucher View</PERSISTEDVIEW>
            <VOUCHERTYPENAME>Sales</VOUCHERTYPENAME>
            <VOUCHERNUMBER>SL-00161</VOUCHERNUMBER>
            <NARRATION>Sales entry generated for 2024-12-08</NARRATION>
            <ALLLEDGERENTRIES.LIST>
              <LEDGERNAME>Sales</LEDGERNAME>
              <ISDEEMEDPOSITIVE>No</ISDEEMEDPOSITIVE>
              <AMOUNT>-4405.25</AMOUNT>
            </ALLLEDGERENTRIES.LIST>
            <ALLLEDGERENTRIES.LIST>
              <LEDGERNAME>Cash</LEDGERNAME>
              <ISDEEMEDPOSITIVE>Yes</ISDEEMEDPOSITIVE>
              <AMOUNT>4405.25</AMOUNT>
            </ALLLEDGERENTRIES.LIST>
          </VOUCHER>
        </TALLYMESSAGE>
        <TALLYMESSAGE xmlns:UDF="TallyUDF">
          <VOUCHER VCHTYPE="Sales" ACTION="Create">
            <DATE>20241209</DATE>
            <DISPLAYDATE>09-12-2024</DISPLAYDATE>
            <PERSISTEDVIEW>Accounting Voucher View</PERSISTEDVIEW>
            <VOUCHERTYPENAME>Sales</VOUCHERTYPENAME>
            <VOUCHERNUMBER>SL-00162</VOUCHERNUMBER>
            <NARRATION>Sales entry generated for 2024-12-09</NARRATION>
            <ALLLEDGERENTRIES.LIST>
              <LEDGERNAME>Sales</LEDGERNAME>
              <ISDEEMEDPOSITIVE>No</ISDEEMEDPOSITIVE>
              <AMOUNT>-4098.13</AMOUNT>
            </ALLLEDGERENTRIES.LIST>
            <ALLLEDGERENTRIES.LIST>
              <LEDGERNAME>Cash</LEDGERNAME>
              <ISDEEMEDPOSITIVE>Yes</ISDEEMEDPOSITIVE>
              <AMOUNT>4098.13</AMOUNT>
            </ALLLEDGERENTRIES.LIST>
          </VOUCHER>
        </TALLYMESSAGE>
        <TALLYMESSAGE xmlns:UDF="TallyUDF">
          <VOUCHER VCHTYPE="Sales" ACTION="Create">
            <DATE>20241210</DATE>
            <DISPLAYDATE>10-12-2024</DISPLAYDATE>
            <PERSISTEDVIEW>Accounting Voucher View</PERSISTEDVIEW>
            <VOUCHERTYPENAME>Sales</VOUCHERTYPENAME>
            <VOUCHERNUMBER>SL-00163</VOUCHERNUMBER>
            <NARRATION>Sales entry generated for 2024-12-10</NARRATION>
            <ALLLEDGERENTRIES.LIST>
              <LEDGERNAME>Sales</LEDGERNAME>
              <ISDEEMEDPOSITIVE>No</ISDEEMEDPOSITIVE>
              <AMOUNT>-3737.20</AMOUNT>
            </ALLLEDGERENTRIES.LIST>
            <ALLLEDGERENTRIES.LIST>
              <LEDGERNAME>Cash</LEDGERNAME>
              <ISDEEMEDPOSITIVE>Yes</ISDEEMEDPOSITIVE>
              <AMOUNT>3737.20</AMOUNT>
            </ALLLEDGERENTRIES.LIST>
          </VOUCHER>
        </TALLYMESSAGE>
        <TALLYMESSAGE xmlns:UDF="TallyUDF">
          <VOUCHER VCHTYPE="Sales" ACTION="Create">
            <DATE>20241211</DATE>
            <DISPLAYDATE>11-12-2024</DISPLAYDATE>
            <PERSISTEDVIEW>Accounting Voucher View</PERSISTEDVIEW>
            <VOUCHERTYPENAME>Sales</VOUCHERTYPENAME>
            <VOUCHERNUMBER>SL-00164</VOUCHERNUMBER>
            <NARRATION>Sales entry generated for 2024-12-11</NARRATION>
            <ALLLEDGERENTRIES.LIST>
              <LEDGERNAME>Sales</LEDGERNAME>
              <ISDEEMEDPOSITIVE>No</ISDEEMEDPOSITIVE>
              <AMOUNT>-2985.48</AMOUNT>
            </ALLLEDGERENTRIES.LIST>
            <ALLLEDGERENTRIES.LIST>
              <LEDGERNAME>Cash</LEDGERNAME>
              <ISDEEMEDPOSITIVE>Yes</ISDEEMEDPOSITIVE>
              <AMOUNT>2985.48</AMOUNT>
            </ALLLEDGERENTRIES.LIST>
          </VOUCHER>
        </TALLYMESSAGE>
        <TALLYMESSAGE xmlns:UDF="TallyUDF">
          <VOUCHER VCHTYPE="Sales" ACTION="Create">
            <DATE>20241212</DATE>
            <DISPLAYDATE>12-12-2024</DISPLAYDATE>
            <PERSISTEDVIEW>Accounting Voucher View</PERSISTEDVIEW>
            <VOUCHERTYPENAME>Sales</VOUCHERTYPENAME>
            <VOUCHERNUMBER>SL-00165</VOUCHERNUMBER>
            <NARRATION>Sales entry generated for 2024-12-12</NARRATION>
            <ALLLEDGERENTRIES.LIST>
              <LEDGERNAME>Sales</LEDGERNAME>
              <ISDEEMEDPOSITIVE>No</ISDEEMEDPOSITIVE>
              <AMOUNT>-3593.69</AMOUNT>
            </ALLLEDGERENTRIES.LIST>
            <ALLLEDGERENTRIES.LIST>
              <LEDGERNAME>Cash</LEDGERNAME>
              <ISDEEMEDPOSITIVE>Yes</ISDEEMEDPOSITIVE>
              <AMOUNT>3593.69</AMOUNT>
            </ALLLEDGERENTRIES.LIST>
          </VOUCHER>
        </TALLYMESSAGE>
        <TALLYMESSAGE xmlns:UDF="TallyUDF">
          <VOUCHER VCHTYPE="Sales" ACTION="Create">
            <DATE>20241213</DATE>
            <DISPLAYDATE>13-12-2024</DISPLAYDATE>
            <PERSISTEDVIEW>Accounting Voucher View</PERSISTEDVIEW>
            <VOUCHERTYPENAME>Sales</VOUCHERTYPENAME>
            <VOUCHERNUMBER>SL-00166</VOUCHERNUMBER>
            <NARRATION>Sales entry generated for 2024-12-13</NARRATION>
            <ALLLEDGERENTRIES.LIST>
              <LEDGERNAME>Sales</LEDGERNAME>
              <ISDEEMEDPOSITIVE>No</ISDEEMEDPOSITIVE>
              <AMOUNT>-4318.56</AMOUNT>
            </ALLLEDGERENTRIES.LIST>
            <ALLLEDGERENTRIES.LIST>
              <LEDGERNAME>Cash</LEDGERNAME>
              <ISDEEMEDPOSITIVE>Yes</ISDEEMEDPOSITIVE>
              <AMOUNT>4318.56</AMOUNT>
            </ALLLEDGERENTRIES.LIST>
          </VOUCHER>
        </TALLYMESSAGE>
        <TALLYMESSAGE xmlns:UDF="TallyUDF">
          <VOUCHER VCHTYPE="Sales" ACTION="Create">
            <DATE>20241214</DATE>
            <DISPLAYDATE>14-12-2024</DISPLAYDATE>
            <PERSISTEDVIEW>Accounting Voucher View</PERSISTEDVIEW>
            <VOUCHERTYPENAME>Sales</VOUCHERTYPENAME>
            <VOUCHERNUMBER>SL-00167</VOUCHERNUMBER>
            <NARRATION>Sales entry generated for 2024-12-14</NARRATION>
            <ALLLEDGERENTRIES.LIST>
              <LEDGERNAME>Sales</LEDGERNAME>
              <ISDEEMEDPOSITIVE>No</ISDEEMEDPOSITIVE>
              <AMOUNT>-4401.38</AMOUNT>
            </ALLLEDGERENTRIES.LIST>
            <ALLLEDGERENTRIES.LIST>
              <LEDGERNAME>Cash</LEDGERNAME>
              <ISDEEMEDPOSITIVE>Yes</ISDEEMEDPOSITIVE>
              <AMOUNT>4401.38</AMOUNT>
            </ALLLEDGERENTRIES.LIST>
          </VOUCHER>
        </TALLYMESSAGE>
        <TALLYMESSAGE xmlns:UDF="TallyUDF">
          <VOUCHER VCHTYPE="Sales" ACTION="Create">
            <DATE>20241215</DATE>
            <DISPLAYDATE>15-12-2024</DISPLAYDATE>
            <PERSISTEDVIEW>Accounting Voucher View</PERSISTEDVIEW>
            <VOUCHERTYPENAME>Sales</VOUCHERTYPENAME>
            <VOUCHERNUMBER>SL-00168</VOUCHERNUMBER>
            <NARRATION>Sales entry generated for 2024-12-15</NARRATION>
            <ALLLEDGERENTRIES.LIST>
              <LEDGERNAME>Sales</LEDGERNAME>
              <ISDEEMEDPOSITIVE>No</ISDEEMEDPOSITIVE>
              <AMOUNT>-3101.26</AMOUNT>
            </ALLLEDGERENTRIES.LIST>
            <ALLLEDGERENTRIES.LIST>
              <LEDGERNAME>Cash</LEDGERNAME>
              <ISDEEMEDPOSITIVE>Yes</ISDEEMEDPOSITIVE>
              <AMOUNT>3101.26</AMOUNT>
            </ALLLEDGERENTRIES.LIST>
          </VOUCHER>
        </TALLYMESSAGE>
        <TALLYMESSAGE xmlns:UDF="TallyUDF">
          <VOUCHER VCHTYPE="Sales" ACTION="Create">
            <DATE>20241216</DATE>
            <DISPLAYDATE>16-12-2024</DISPLAYDATE>
            <PERSISTEDVIEW>Accounting Voucher View</PERSISTEDVIEW>
            <VOUCHERTYPENAME>Sales</VOUCHERTYPENAME>
            <VOUCHERNUMBER>SL-00169</VOUCHERNUMBER>
            <NARRATION>Sales entry generated for 2024-12-16</NARRATION>
            <ALLLEDGERENTRIES.LIST>
              <LEDGERNAME>Sales</LEDGERNAME>
              <ISDEEMEDPOSITIVE>No</ISDEEMEDPOSITIVE>
              <AMOUNT>-2817.64</AMOUNT>
            </ALLLEDGERENTRIES.LIST>
            <ALLLEDGERENTRIES.LIST>
              <LEDGERNAME>Cash</LEDGERNAME>
              <ISDEEMEDPOSITIVE>Yes</ISDEEMEDPOSITIVE>
              <AMOUNT>2817.64</AMOUNT>
            </ALLLEDGERENTRIES.LIST>
          </VOUCHER>
        </TALLYMESSAGE>
        <TALLYMESSAGE xmlns:UDF="TallyUDF">
          <VOUCHER VCHTYPE="Sales" ACTION="Create">
            <DATE>20241217</DATE>
            <DISPLAYDATE>17-12-2024</DISPLAYDATE>
            <PERSISTEDVIEW>Accounting Voucher View</PERSISTEDVIEW>
            <VOUCHERTYPENAME>Sales</VOUCHERTYPENAME>
            <VOUCHERNUMBER>SL-00170</VOUCHERNUMBER>
            <NARRATION>Sales entry generated for 2024-12-17</NARRATION>
            <ALLLEDGERENTRIES.LIST>
              <LEDGERNAME>Sales</LEDGERNAME>
              <ISDEEMEDPOSITIVE>No</ISDEEMEDPOSITIVE>
              <AMOUNT>-2862.58</AMOUNT>
            </ALLLEDGERENTRIES.LIST>
            <ALLLEDGERENTRIES.LIST>
              <LEDGERNAME>Cash</LEDGERNAME>
              <ISDEEMEDPOSITIVE>Yes</ISDEEMEDPOSITIVE>
              <AMOUNT>2862.58</AMOUNT>
            </ALLLEDGERENTRIES.LIST>
          </VOUCHER>
        </TALLYMESSAGE>
        <TALLYMESSAGE xmlns:UDF="TallyUDF">
          <VOUCHER VCHTYPE="Sales" ACTION="Create">
            <DATE>20241218</DATE>
            <DISPLAYDATE>18-12-2024</DISPLAYDATE>
            <PERSISTEDVIEW>Accounting Voucher View</PERSISTEDVIEW>
            <VOUCHERTYPENAME>Sales</VOUCHERTYPENAME>
            <VOUCHERNUMBER>SL-00171</VOUCHERNUMBER>
            <NARRATION>Sales entry generated for 2024-12-18</NARRATION>
            <ALLLEDGERENTRIES.LIST>
              <LEDGERNAME>Sales</LEDGERNAME>
              <ISDEEMEDPOSITIVE>No</ISDEEMEDPOSITIVE>
              <AMOUNT>-2730.77</AMOUNT>
            </ALLLEDGERENTRIES.LIST>
            <ALLLEDGERENTRIES.LIST>
              <LEDGERNAME>Cash</LEDGERNAME>
              <ISDEEMEDPOSITIVE>Yes</ISDEEMEDPOSITIVE>
              <AMOUNT>2730.77</AMOUNT>
            </ALLLEDGERENTRIES.LIST>
          </VOUCHER>
        </TALLYMESSAGE>
        <TALLYMESSAGE xmlns:UDF="TallyUDF">
          <VOUCHER VCHTYPE="Sales" ACTION="Create">
            <DATE>20241219</DATE>
            <DISPLAYDATE>19-12-2024</DISPLAYDATE>
            <PERSISTEDVIEW>Accounting Voucher View</PERSISTEDVIEW>
            <VOUCHERTYPENAME>Sales</VOUCHERTYPENAME>
            <VOUCHERNUMBER>SL-00172</VOUCHERNUMBER>
            <NARRATION>Sales entry generated for 2024-12-19</NARRATION>
            <ALLLEDGERENTRIES.LIST>
              <LEDGERNAME>Sales</LEDGERNAME>
              <ISDEEMEDPOSITIVE>No</ISDEEMEDPOSITIVE>
              <AMOUNT>-3161.26</AMOUNT>
            </ALLLEDGERENTRIES.LIST>
            <ALLLEDGERENTRIES.LIST>
              <LEDGERNAME>Cash</LEDGERNAME>
              <ISDEEMEDPOSITIVE>Yes</ISDEEMEDPOSITIVE>
              <AMOUNT>3161.26</AMOUNT>
            </ALLLEDGERENTRIES.LIST>
          </VOUCHER>
        </TALLYMESSAGE>
        <TALLYMESSAGE xmlns:UDF="TallyUDF">
          <VOUCHER VCHTYPE="Sales" ACTION="Create">
            <DATE>20241220</DATE>
            <DISPLAYDATE>20-12-2024</DISPLAYDATE>
            <PERSISTEDVIEW>Accounting Voucher View</PERSISTEDVIEW>
            <VOUCHERTYPENAME>Sales</VOUCHERTYPENAME>
            <VOUCHERNUMBER>SL-00173</VOUCHERNUMBER>
            <NARRATION>Sales entry generated for 2024-12-20</NARRATION>
            <ALLLEDGERENTRIES.LIST>
              <LEDGERNAME>Sales</LEDGERNAME>
              <ISDEEMEDPOSITIVE>No</ISDEEMEDPOSITIVE>
              <AMOUNT>-3499.69</AMOUNT>
            </ALLLEDGERENTRIES.LIST>
            <ALLLEDGERENTRIES.LIST>
              <LEDGERNAME>Cash</LEDGERNAME>
              <ISDEEMEDPOSITIVE>Yes</ISDEEMEDPOSITIVE>
              <AMOUNT>3499.69</AMOUNT>
            </ALLLEDGERENTRIES.LIST>
          </VOUCHER>
        </TALLYMESSAGE>
        <TALLYMESSAGE xmlns:UDF="TallyUDF">
          <VOUCHER VCHTYPE="Sales" ACTION="Create">
            <DATE>20241221</DATE>
            <DISPLAYDATE>21-12-2024</DISPLAYDATE>
            <PERSISTEDVIEW>Accounting Voucher View</PERSISTEDVIEW>
            <VOUCHERTYPENAME>Sales</VOUCHERTYPENAME>
            <VOUCHERNUMBER>SL-00174</VOUCHERNUMBER>
            <NARRATION>Sales entry generated for 2024-12-21</NARRATION>
            <ALLLEDGERENTRIES.LIST>
              <LEDGERNAME>Sales</LEDGERNAME>
              <ISDEEMEDPOSITIVE>No</ISDEEMEDPOSITIVE>
              <AMOUNT>-3441.04</AMOUNT>
            </ALLLEDGERENTRIES.LIST>
            <ALLLEDGERENTRIES.LIST>
              <LEDGERNAME>Cash</LEDGERNAME>
              <ISDEEMEDPOSITIVE>Yes</ISDEEMEDPOSITIVE>
              <AMOUNT>3441.04</AMOUNT>
            </ALLLEDGERENTRIES.LIST>
          </VOUCHER>
        </TALLYMESSAGE>
        <TALLYMESSAGE xmlns:UDF="TallyUDF">
          <VOUCHER VCHTYPE="Sales" ACTION="Create">
            <DATE>20241222</DATE>
            <DISPLAYDATE>22-12-2024</DISPLAYDATE>
            <PERSISTEDVIEW>Accounting Voucher View</PERSISTEDVIEW>
            <VOUCHERTYPENAME>Sales</VOUCHERTYPENAME>
            <VOUCHERNUMBER>SL-00175</VOUCHERNUMBER>
            <NARRATION>Sales entry generated for 2024-12-22</NARRATION>
            <ALLLEDGERENTRIES.LIST>
              <LEDGERNAME>Sales</LEDGERNAME>
              <ISDEEMEDPOSITIVE>No</ISDEEMEDPOSITIVE>
              <AMOUNT>-2665.69</AMOUNT>
            </ALLLEDGERENTRIES.LIST>
            <ALLLEDGERENTRIES.LIST>
              <LEDGERNAME>Cash</LEDGERNAME>
              <ISDEEMEDPOSITIVE>Yes</ISDEEMEDPOSITIVE>
              <AMOUNT>2665.69</AMOUNT>
            </ALLLEDGERENTRIES.LIST>
          </VOUCHER>
        </TALLYMESSAGE>
        <TALLYMESSAGE xmlns:UDF="TallyUDF">
          <VOUCHER VCHTYPE="Sales" ACTION="Create">
            <DATE>20241223</DATE>
            <DISPLAYDATE>23-12-2024</DISPLAYDATE>
            <PERSISTEDVIEW>Accounting Voucher View</PERSISTEDVIEW>
            <VOUCHERTYPENAME>Sales</VOUCHERTYPENAME>
            <VOUCHERNUMBER>SL-00176</VOUCHERNUMBER>
            <NARRATION>Sales entry generated for 2024-12-23</NARRATION>
            <ALLLEDGERENTRIES.LIST>
              <LEDGERNAME>Sales</LEDGERNAME>
              <ISDEEMEDPOSITIVE>No</ISDEEMEDPOSITIVE>
              <AMOUNT>-4568.16</AMOUNT>
            </ALLLEDGERENTRIES.LIST>
            <ALLLEDGERENTRIES.LIST>
              <LEDGERNAME>Cash</LEDGERNAME>
              <ISDEEMEDPOSITIVE>Yes</ISDEEMEDPOSITIVE>
              <AMOUNT>4568.16</AMOUNT>
            </ALLLEDGERENTRIES.LIST>
          </VOUCHER>
        </TALLYMESSAGE>
        <TALLYMESSAGE xmlns:UDF="TallyUDF">
          <VOUCHER VCHTYPE="Sales" ACTION="Create">
            <DATE>20241224</DATE>
            <DISPLAYDATE>24-12-2024</DISPLAYDATE>
            <PERSISTEDVIEW>Accounting Voucher View</PERSISTEDVIEW>
            <VOUCHERTYPENAME>Sales</VOUCHERTYPENAME>
            <VOUCHERNUMBER>SL-00177</VOUCHERNUMBER>
            <NARRATION>Sales entry generated for 2024-12-24</NARRATION>
            <ALLLEDGERENTRIES.LIST>
              <LEDGERNAME>Sales</LEDGERNAME>
              <ISDEEMEDPOSITIVE>No</ISDEEMEDPOSITIVE>
              <AMOUNT>-3797.45</AMOUNT>
            </ALLLEDGERENTRIES.LIST>
            <ALLLEDGERENTRIES.LIST>
              <LEDGERNAME>Cash</LEDGERNAME>
              <ISDEEMEDPOSITIVE>Yes</ISDEEMEDPOSITIVE>
              <AMOUNT>3797.45</AMOUNT>
            </ALLLEDGERENTRIES.LIST>
          </VOUCHER>
        </TALLYMESSAGE>
        <TALLYMESSAGE xmlns:UDF="TallyUDF">
          <VOUCHER VCHTYPE="Sales" ACTION="Create">
            <DATE>20241225</DATE>
            <DISPLAYDATE>25-12-2024</DISPLAYDATE>
            <PERSISTEDVIEW>Accounting Voucher View</PERSISTEDVIEW>
            <VOUCHERTYPENAME>Sales</VOUCHERTYPENAME>
            <VOUCHERNUMBER>SL-00178</VOUCHERNUMBER>
            <NARRATION>Sales entry generated for 2024-12-25</NARRATION>
            <ALLLEDGERENTRIES.LIST>
              <LEDGERNAME>Sales</LEDGERNAME>
              <ISDEEMEDPOSITIVE>No</ISDEEMEDPOSITIVE>
              <AMOUNT>-4523.28</AMOUNT>
            </ALLLEDGERENTRIES.LIST>
            <ALLLEDGERENTRIES.LIST>
              <LEDGERNAME>Cash</LEDGERNAME>
              <ISDEEMEDPOSITIVE>Yes</ISDEEMEDPOSITIVE>
              <AMOUNT>4523.28</AMOUNT>
            </ALLLEDGERENTRIES.LIST>
          </VOUCHER>
        </TALLYMESSAGE>
        <TALLYMESSAGE xmlns:UDF="TallyUDF">
          <VOUCHER VCHTYPE="Sales" ACTION="Create">
            <DATE>20241226</DATE>
            <DISPLAYDATE>26-12-2024</DISPLAYDATE>
            <PERSISTEDVIEW>Accounting Voucher View</PERSISTEDVIEW>
            <VOUCHERTYPENAME>Sales</VOUCHERTYPENAME>
            <VOUCHERNUMBER>SL-00179</VOUCHERNUMBER>
            <NARRATION>Sales entry generated for 2024-12-26</NARRATION>
            <ALLLEDGERENTRIES.LIST>
              <LEDGERNAME>Sales</LEDGERNAME>
              <ISDEEMEDPOSITIVE>No</ISDEEMEDPOSITIVE>
              <AMOUNT>-3967.76</AMOUNT>
            </ALLLEDGERENTRIES.LIST>
            <ALLLEDGERENTRIES.LIST>
              <LEDGERNAME>Cash</LEDGERNAME>
              <ISDEEMEDPOSITIVE>Yes</ISDEEMEDPOSITIVE>
              <AMOUNT>3967.76</AMOUNT>
            </ALLLEDGERENTRIES.LIST>
          </VOUCHER>
        </TALLYMESSAGE>
        <TALLYMESSAGE xmlns:UDF="TallyUDF">
          <VOUCHER VCHTYPE="Sales" ACTION="Create">
            <DATE>20241227</DATE>
            <DISPLAYDATE>27-12-2024</DISPLAYDATE>
            <PERSISTEDVIEW>Accounting Voucher View</PERSISTEDVIEW>
            <VOUCHERTYPENAME>Sales</VOUCHERTYPENAME>
            <VOUCHERNUMBER>SL-00180</VOUCHERNUMBER>
            <NARRATION>Sales entry generated for 2024-12-27</NARRATION>
            <ALLLEDGERENTRIES.LIST>
              <LEDGERNAME>Sales</LEDGERNAME>
              <ISDEEMEDPOSITIVE>No</ISDEEMEDPOSITIVE>
              <AMOUNT>-4776.70</AMOUNT>
            </ALLLEDGERENTRIES.LIST>
            <ALLLEDGERENTRIES.LIST>
              <LEDGERNAME>Cash</LEDGERNAME>
              <ISDEEMEDPOSITIVE>Yes</ISDEEMEDPOSITIVE>
              <AMOUNT>4776.70</AMOUNT>
            </ALLLEDGERENTRIES.LIST>
          </VOUCHER>
        </TALLYMESSAGE>
        <TALLYMESSAGE xmlns:UDF="TallyUDF">
          <VOUCHER VCHTYPE="Sales" ACTION="Create">
            <DATE>20241228</DATE>
            <DISPLAYDATE>28-12-2024</DISPLAYDATE>
            <PERSISTEDVIEW>Accounting Voucher View</PERSISTEDVIEW>
            <VOUCHERTYPENAME>Sales</VOUCHERTYPENAME>
            <VOUCHERNUMBER>SL-00181</VOUCHERNUMBER>
            <NARRATION>Sales entry generated for 2024-12-28</NARRATION>
            <ALLLEDGERENTRIES.LIST>
              <LEDGERNAME>Sales</LEDGERNAME>
              <ISDEEMEDPOSITIVE>No</ISDEEMEDPOSITIVE>
              <AMOUNT>-3955.37</AMOUNT>
            </ALLLEDGERENTRIES.LIST>
            <ALLLEDGERENTRIES.LIST>
              <LEDGERNAME>Cash</LEDGERNAME>
              <ISDEEMEDPOSITIVE>Yes</ISDEEMEDPOSITIVE>
              <AMOUNT>3955.37</AMOUNT>
            </ALLLEDGERENTRIES.LIST>
          </VOUCHER>
        </TALLYMESSAGE>
        <TALLYMESSAGE xmlns:UDF="TallyUDF">
          <VOUCHER VCHTYPE="Sales" ACTION="Create">
            <DATE>20241229</DATE>
            <DISPLAYDATE>29-12-2024</DISPLAYDATE>
            <PERSISTEDVIEW>Accounting Voucher View</PERSISTEDVIEW>
            <VOUCHERTYPENAME>Sales</VOUCHERTYPENAME>
            <VOUCHERNUMBER>SL-00182</VOUCHERNUMBER>
            <NARRATION>Sales entry generated for 2024-12-29</NARRATION>
            <ALLLEDGERENTRIES.LIST>
              <LEDGERNAME>Sales</LEDGERNAME>
              <ISDEEMEDPOSITIVE>No</ISDEEMEDPOSITIVE>
              <AMOUNT>-4126.93</AMOUNT>
            </ALLLEDGERENTRIES.LIST>
            <ALLLEDGERENTRIES.LIST>
              <LEDGERNAME>Cash</LEDGERNAME>
              <ISDEEMEDPOSITIVE>Yes</ISDEEMEDPOSITIVE>
              <AMOUNT>4126.93</AMOUNT>
            </ALLLEDGERENTRIES.LIST>
          </VOUCHER>
        </TALLYMESSAGE>
        <TALLYMESSAGE xmlns:UDF="TallyUDF">
          <VOUCHER VCHTYPE="Sales" ACTION="Create">
            <DATE>20241230</DATE>
            <DISPLAYDATE>30-12-2024</DISPLAYDATE>
            <PERSISTEDVIEW>Accounting Voucher View</PERSISTEDVIEW>
            <VOUCHERTYPENAME>Sales</VOUCHERTYPENAME>
            <VOUCHERNUMBER>SL-00183</VOUCHERNUMBER>
            <NARRATION>Sales entry generated for 2024-12-30</NARRATION>
            <ALLLEDGERENTRIES.LIST>
              <LEDGERNAME>Sales</LEDGERNAME>
              <ISDEEMEDPOSITIVE>No</ISDEEMEDPOSITIVE>
              <AMOUNT>-4591.31</AMOUNT>
            </ALLLEDGERENTRIES.LIST>
            <ALLLEDGERENTRIES.LIST>
              <LEDGERNAME>Cash</LEDGERNAME>
              <ISDEEMEDPOSITIVE>Yes</ISDEEMEDPOSITIVE>
              <AMOUNT>4591.31</AMOUNT>
            </ALLLEDGERENTRIES.LIST>
          </VOUCHER>
        </TALLYMESSAGE>
        <TALLYMESSAGE xmlns:UDF="TallyUDF">
          <VOUCHER VCHTYPE="Sales" ACTION="Create">
            <DATE>20241231</DATE>
            <DISPLAYDATE>31-12-2024</DISPLAYDATE>
            <PERSISTEDVIEW>Accounting Voucher View</PERSISTEDVIEW>
            <VOUCHERTYPENAME>Sales</VOUCHERTYPENAME>
            <VOUCHERNUMBER>SL-00184</VOUCHERNUMBER>
            <NARRATION>Sales entry generated for 2024-12-31</NARRATION>
            <ALLLEDGERENTRIES.LIST>
              <LEDGERNAME>Sales</LEDGERNAME>
              <ISDEEMEDPOSITIVE>No</ISDEEMEDPOSITIVE>
              <AMOUNT>-3026.84</AMOUNT>
            </ALLLEDGERENTRIES.LIST>
            <ALLLEDGERENTRIES.LIST>
              <LEDGERNAME>Cash</LEDGERNAME>
              <ISDEEMEDPOSITIVE>Yes</ISDEEMEDPOSITIVE>
              <AMOUNT>3026.84</AMOUNT>
            </ALLLEDGERENTRIES.LIST>
          </VOUCHER>
        </TALLYMESSAGE>
        <TALLYMESSAGE xmlns:UDF="TallyUDF">
          <VOUCHER VCHTYPE="Sales" ACTION="Create">
            <DATE>20250101</DATE>
            <DISPLAYDATE>01-01-2025</DISPLAYDATE>
            <PERSISTEDVIEW>Accounting Voucher View</PERSISTEDVIEW>
            <VOUCHERTYPENAME>Sales</VOUCHERTYPENAME>
            <VOUCHERNUMBER>SL-00185</VOUCHERNUMBER>
            <NARRATION>Sales entry generated for 2025-01-01</NARRATION>
            <ALLLEDGERENTRIES.LIST>
              <LEDGERNAME>Sales</LEDGERNAME>
              <ISDEEMEDPOSITIVE>No</ISDEEMEDPOSITIVE>
              <AMOUNT>-3815.97</AMOUNT>
            </ALLLEDGERENTRIES.LIST>
            <ALLLEDGERENTRIES.LIST>
              <LEDGERNAME>Cash</LEDGERNAME>
              <ISDEEMEDPOSITIVE>Yes</ISDEEMEDPOSITIVE>
              <AMOUNT>3815.97</AMOUNT>
            </ALLLEDGERENTRIES.LIST>
          </VOUCHER>
        </TALLYMESSAGE>
        <TALLYMESSAGE xmlns:UDF="TallyUDF">
          <VOUCHER VCHTYPE="Sales" ACTION="Create">
            <DATE>20250102</DATE>
            <DISPLAYDATE>02-01-2025</DISPLAYDATE>
            <PERSISTEDVIEW>Accounting Voucher View</PERSISTEDVIEW>
            <VOUCHERTYPENAME>Sales</VOUCHERTYPENAME>
            <VOUCHERNUMBER>SL-00186</VOUCHERNUMBER>
            <NARRATION>Sales entry generated for 2025-01-02</NARRATION>
            <ALLLEDGERENTRIES.LIST>
              <LEDGERNAME>Sales</LEDGERNAME>
              <ISDEEMEDPOSITIVE>No</ISDEEMEDPOSITIVE>
              <AMOUNT>-5557.41</AMOUNT>
            </ALLLEDGERENTRIES.LIST>
            <ALLLEDGERENTRIES.LIST>
              <LEDGERNAME>Cash</LEDGERNAME>
              <ISDEEMEDPOSITIVE>Yes</ISDEEMEDPOSITIVE>
              <AMOUNT>5557.41</AMOUNT>
            </ALLLEDGERENTRIES.LIST>
          </VOUCHER>
        </TALLYMESSAGE>
        <TALLYMESSAGE xmlns:UDF="TallyUDF">
          <VOUCHER VCHTYPE="Sales" ACTION="Create">
            <DATE>20250103</DATE>
            <DISPLAYDATE>03-01-2025</DISPLAYDATE>
            <PERSISTEDVIEW>Accounting Voucher View</PERSISTEDVIEW>
            <VOUCHERTYPENAME>Sales</VOUCHERTYPENAME>
            <VOUCHERNUMBER>SL-00187</VOUCHERNUMBER>
            <NARRATION>Sales entry generated for 2025-01-03</NARRATION>
            <ALLLEDGERENTRIES.LIST>
              <LEDGERNAME>Sales</LEDGERNAME>
              <ISDEEMEDPOSITIVE>No</ISDEEMEDPOSITIVE>
              <AMOUNT>-5864.84</AMOUNT>
            </ALLLEDGERENTRIES.LIST>
            <ALLLEDGERENTRIES.LIST>
              <LEDGERNAME>Cash</LEDGERNAME>
              <ISDEEMEDPOSITIVE>Yes</ISDEEMEDPOSITIVE>
              <AMOUNT>5864.84</AMOUNT>
            </ALLLEDGERENTRIES.LIST>
          </VOUCHER>
        </TALLYMESSAGE>
        <TALLYMESSAGE xmlns:UDF="TallyUDF">
          <VOUCHER VCHTYPE="Sales" ACTION="Create">
            <DATE>20250104</DATE>
            <DISPLAYDATE>04-01-2025</DISPLAYDATE>
            <PERSISTEDVIEW>Accounting Voucher View</PERSISTEDVIEW>
            <VOUCHERTYPENAME>Sales</VOUCHERTYPENAME>
            <VOUCHERNUMBER>SL-00188</VOUCHERNUMBER>
            <NARRATION>Sales entry generated for 2025-01-04</NARRATION>
            <ALLLEDGERENTRIES.LIST>
              <LEDGERNAME>Sales</LEDGERNAME>
              <ISDEEMEDPOSITIVE>No</ISDEEMEDPOSITIVE>
              <AMOUNT>-5393.46</AMOUNT>
            </ALLLEDGERENTRIES.LIST>
            <ALLLEDGERENTRIES.LIST>
              <LEDGERNAME>Cash</LEDGERNAME>
              <ISDEEMEDPOSITIVE>Yes</ISDEEMEDPOSITIVE>
              <AMOUNT>5393.46</AMOUNT>
            </ALLLEDGERENTRIES.LIST>
          </VOUCHER>
        </TALLYMESSAGE>
        <TALLYMESSAGE xmlns:UDF="TallyUDF">
          <VOUCHER VCHTYPE="Sales" ACTION="Create">
            <DATE>20250105</DATE>
            <DISPLAYDATE>05-01-2025</DISPLAYDATE>
            <PERSISTEDVIEW>Accounting Voucher View</PERSISTEDVIEW>
            <VOUCHERTYPENAME>Sales</VOUCHERTYPENAME>
            <VOUCHERNUMBER>SL-00189</VOUCHERNUMBER>
            <NARRATION>Sales entry generated for 2025-01-05</NARRATION>
            <ALLLEDGERENTRIES.LIST>
              <LEDGERNAME>Sales</LEDGERNAME>
              <ISDEEMEDPOSITIVE>No</ISDEEMEDPOSITIVE>
              <AMOUNT>-5501.18</AMOUNT>
            </ALLLEDGERENTRIES.LIST>
            <ALLLEDGERENTRIES.LIST>
              <LEDGERNAME>Cash</LEDGERNAME>
              <ISDEEMEDPOSITIVE>Yes</ISDEEMEDPOSITIVE>
              <AMOUNT>5501.18</AMOUNT>
            </ALLLEDGERENTRIES.LIST>
          </VOUCHER>
        </TALLYMESSAGE>
        <TALLYMESSAGE xmlns:UDF="TallyUDF">
          <VOUCHER VCHTYPE="Sales" ACTION="Create">
            <DATE>20250106</DATE>
            <DISPLAYDATE>06-01-2025</DISPLAYDATE>
            <PERSISTEDVIEW>Accounting Voucher View</PERSISTEDVIEW>
            <VOUCHERTYPENAME>Sales</VOUCHERTYPENAME>
            <VOUCHERNUMBER>SL-00190</VOUCHERNUMBER>
            <NARRATION>Sales entry generated for 2025-01-06</NARRATION>
            <ALLLEDGERENTRIES.LIST>
              <LEDGERNAME>Sales</LEDGERNAME>
              <ISDEEMEDPOSITIVE>No</ISDEEMEDPOSITIVE>
              <AMOUNT>-4368.35</AMOUNT>
            </ALLLEDGERENTRIES.LIST>
            <ALLLEDGERENTRIES.LIST>
              <LEDGERNAME>Cash</LEDGERNAME>
              <ISDEEMEDPOSITIVE>Yes</ISDEEMEDPOSITIVE>
              <AMOUNT>4368.35</AMOUNT>
            </ALLLEDGERENTRIES.LIST>
          </VOUCHER>
        </TALLYMESSAGE>
        <TALLYMESSAGE xmlns:UDF="TallyUDF">
          <VOUCHER VCHTYPE="Sales" ACTION="Create">
            <DATE>20250107</DATE>
            <DISPLAYDATE>07-01-2025</DISPLAYDATE>
            <PERSISTEDVIEW>Accounting Voucher View</PERSISTEDVIEW>
            <VOUCHERTYPENAME>Sales</VOUCHERTYPENAME>
            <VOUCHERNUMBER>SL-00191</VOUCHERNUMBER>
            <NARRATION>Sales entry generated for 2025-01-07</NARRATION>
            <ALLLEDGERENTRIES.LIST>
              <LEDGERNAME>Sales</LEDGERNAME>
              <ISDEEMEDPOSITIVE>No</ISDEEMEDPOSITIVE>
              <AMOUNT>-3881.02</AMOUNT>
            </ALLLEDGERENTRIES.LIST>
            <ALLLEDGERENTRIES.LIST>
              <LEDGERNAME>Cash</LEDGERNAME>
              <ISDEEMEDPOSITIVE>Yes</ISDEEMEDPOSITIVE>
              <AMOUNT>3881.02</AMOUNT>
            </ALLLEDGERENTRIES.LIST>
          </VOUCHER>
        </TALLYMESSAGE>
        <TALLYMESSAGE xmlns:UDF="TallyUDF">
          <VOUCHER VCHTYPE="Sales" ACTION="Create">
            <DATE>20250108</DATE>
            <DISPLAYDATE>08-01-2025</DISPLAYDATE>
            <PERSISTEDVIEW>Accounting Voucher View</PERSISTEDVIEW>
            <VOUCHERTYPENAME>Sales</VOUCHERTYPENAME>
            <VOUCHERNUMBER>SL-00192</VOUCHERNUMBER>
            <NARRATION>Sales entry generated for 2025-01-08</NARRATION>
            <ALLLEDGERENTRIES.LIST>
              <LEDGERNAME>Sales</LEDGERNAME>
              <ISDEEMEDPOSITIVE>No</ISDEEMEDPOSITIVE>
              <AMOUNT>-4708.61</AMOUNT>
            </ALLLEDGERENTRIES.LIST>
            <ALLLEDGERENTRIES.LIST>
              <LEDGERNAME>Cash</LEDGERNAME>
              <ISDEEMEDPOSITIVE>Yes</ISDEEMEDPOSITIVE>
              <AMOUNT>4708.61</AMOUNT>
            </ALLLEDGERENTRIES.LIST>
          </VOUCHER>
        </TALLYMESSAGE>
        <TALLYMESSAGE xmlns:UDF="TallyUDF">
          <VOUCHER VCHTYPE="Sales" ACTION="Create">
            <DATE>20250109</DATE>
            <DISPLAYDATE>09-01-2025</DISPLAYDATE>
            <PERSISTEDVIEW>Accounting Voucher View</PERSISTEDVIEW>
            <VOUCHERTYPENAME>Sales</VOUCHERTYPENAME>
            <VOUCHERNUMBER>SL-00193</VOUCHERNUMBER>
            <NARRATION>Sales entry generated for 2025-01-09</NARRATION>
            <ALLLEDGERENTRIES.LIST>
              <LEDGERNAME>Sales</LEDGERNAME>
              <ISDEEMEDPOSITIVE>No</ISDEEMEDPOSITIVE>
              <AMOUNT>-4533.07</AMOUNT>
            </ALLLEDGERENTRIES.LIST>
            <ALLLEDGERENTRIES.LIST>
              <LEDGERNAME>Cash</LEDGERNAME>
              <ISDEEMEDPOSITIVE>Yes</ISDEEMEDPOSITIVE>
              <AMOUNT>4533.07</AMOUNT>
            </ALLLEDGERENTRIES.LIST>
          </VOUCHER>
        </TALLYMESSAGE>
        <TALLYMESSAGE xmlns:UDF="TallyUDF">
          <VOUCHER VCHTYPE="Sales" ACTION="Create">
            <DATE>20250110</DATE>
            <DISPLAYDATE>10-01-2025</DISPLAYDATE>
            <PERSISTEDVIEW>Accounting Voucher View</PERSISTEDVIEW>
            <VOUCHERTYPENAME>Sales</VOUCHERTYPENAME>
            <VOUCHERNUMBER>SL-00194</VOUCHERNUMBER>
            <NARRATION>Sales entry generated for 2025-01-10</NARRATION>
            <ALLLEDGERENTRIES.LIST>
              <LEDGERNAME>Sales</LEDGERNAME>
              <ISDEEMEDPOSITIVE>No</ISDEEMEDPOSITIVE>
              <AMOUNT>-3651.03</AMOUNT>
            </ALLLEDGERENTRIES.LIST>
            <ALLLEDGERENTRIES.LIST>
              <LEDGERNAME>Cash</LEDGERNAME>
              <ISDEEMEDPOSITIVE>Yes</ISDEEMEDPOSITIVE>
              <AMOUNT>3651.03</AMOUNT>
            </ALLLEDGERENTRIES.LIST>
          </VOUCHER>
        </TALLYMESSAGE>
        <TALLYMESSAGE xmlns:UDF="TallyUDF">
          <VOUCHER VCHTYPE="Sales" ACTION="Create">
            <DATE>20250111</DATE>
            <DISPLAYDATE>11-01-2025</DISPLAYDATE>
            <PERSISTEDVIEW>Accounting Voucher View</PERSISTEDVIEW>
            <VOUCHERTYPENAME>Sales</VOUCHERTYPENAME>
            <VOUCHERNUMBER>SL-00195</VOUCHERNUMBER>
            <NARRATION>Sales entry generated for 2025-01-11</NARRATION>
            <ALLLEDGERENTRIES.LIST>
              <LEDGERNAME>Sales</LEDGERNAME>
              <ISDEEMEDPOSITIVE>No</ISDEEMEDPOSITIVE>
              <AMOUNT>-5528.32</AMOUNT>
            </ALLLEDGERENTRIES.LIST>
            <ALLLEDGERENTRIES.LIST>
              <LEDGERNAME>Cash</LEDGERNAME>
              <ISDEEMEDPOSITIVE>Yes</ISDEEMEDPOSITIVE>
              <AMOUNT>5528.32</AMOUNT>
            </ALLLEDGERENTRIES.LIST>
          </VOUCHER>
        </TALLYMESSAGE>
        <TALLYMESSAGE xmlns:UDF="TallyUDF">
          <VOUCHER VCHTYPE="Sales" ACTION="Create">
            <DATE>20250112</DATE>
            <DISPLAYDATE>12-01-2025</DISPLAYDATE>
            <PERSISTEDVIEW>Accounting Voucher View</PERSISTEDVIEW>
            <VOUCHERTYPENAME>Sales</VOUCHERTYPENAME>
            <VOUCHERNUMBER>SL-00196</VOUCHERNUMBER>
            <NARRATION>Sales entry generated for 2025-01-12</NARRATION>
            <ALLLEDGERENTRIES.LIST>
              <LEDGERNAME>Sales</LEDGERNAME>
              <ISDEEMEDPOSITIVE>No</ISDEEMEDPOSITIVE>
              <AMOUNT>-4503.37</AMOUNT>
            </ALLLEDGERENTRIES.LIST>
            <ALLLEDGERENTRIES.LIST>
              <LEDGERNAME>Cash</LEDGERNAME>
              <ISDEEMEDPOSITIVE>Yes</ISDEEMEDPOSITIVE>
              <AMOUNT>4503.37</AMOUNT>
            </ALLLEDGERENTRIES.LIST>
          </VOUCHER>
        </TALLYMESSAGE>
        <TALLYMESSAGE xmlns:UDF="TallyUDF">
          <VOUCHER VCHTYPE="Sales" ACTION="Create">
            <DATE>20250113</DATE>
            <DISPLAYDATE>13-01-2025</DISPLAYDATE>
            <PERSISTEDVIEW>Accounting Voucher View</PERSISTEDVIEW>
            <VOUCHERTYPENAME>Sales</VOUCHERTYPENAME>
            <VOUCHERNUMBER>SL-00197</VOUCHERNUMBER>
            <NARRATION>Sales entry generated for 2025-01-13</NARRATION>
            <ALLLEDGERENTRIES.LIST>
              <LEDGERNAME>Sales</LEDGERNAME>
              <ISDEEMEDPOSITIVE>No</ISDEEMEDPOSITIVE>
              <AMOUNT>-4067.74</AMOUNT>
            </ALLLEDGERENTRIES.LIST>
            <ALLLEDGERENTRIES.LIST>
              <LEDGERNAME>Cash</LEDGERNAME>
              <ISDEEMEDPOSITIVE>Yes</ISDEEMEDPOSITIVE>
              <AMOUNT>4067.74</AMOUNT>
            </ALLLEDGERENTRIES.LIST>
          </VOUCHER>
        </TALLYMESSAGE>
        <TALLYMESSAGE xmlns:UDF="TallyUDF">
          <VOUCHER VCHTYPE="Sales" ACTION="Create">
            <DATE>20250114</DATE>
            <DISPLAYDATE>14-01-2025</DISPLAYDATE>
            <PERSISTEDVIEW>Accounting Voucher View</PERSISTEDVIEW>
            <VOUCHERTYPENAME>Sales</VOUCHERTYPENAME>
            <VOUCHERNUMBER>SL-00198</VOUCHERNUMBER>
            <NARRATION>Sales entry generated for 2025-01-14</NARRATION>
            <ALLLEDGERENTRIES.LIST>
              <LEDGERNAME>Sales</LEDGERNAME>
              <ISDEEMEDPOSITIVE>No</ISDEEMEDPOSITIVE>
              <AMOUNT>-3715.27</AMOUNT>
            </ALLLEDGERENTRIES.LIST>
            <ALLLEDGERENTRIES.LIST>
              <LEDGERNAME>Cash</LEDGERNAME>
              <ISDEEMEDPOSITIVE>Yes</ISDEEMEDPOSITIVE>
              <AMOUNT>3715.27</AMOUNT>
            </ALLLEDGERENTRIES.LIST>
          </VOUCHER>
        </TALLYMESSAGE>
        <TALLYMESSAGE xmlns:UDF="TallyUDF">
          <VOUCHER VCHTYPE="Sales" ACTION="Create">
            <DATE>20250115</DATE>
            <DISPLAYDATE>15-01-2025</DISPLAYDATE>
            <PERSISTEDVIEW>Accounting Voucher View</PERSISTEDVIEW>
            <VOUCHERTYPENAME>Sales</VOUCHERTYPENAME>
            <VOUCHERNUMBER>SL-00199</VOUCHERNUMBER>
            <NARRATION>Sales entry generated for 2025-01-15</NARRATION>
            <ALLLEDGERENTRIES.LIST>
              <LEDGERNAME>Sales</LEDGERNAME>
              <ISDEEMEDPOSITIVE>No</ISDEEMEDPOSITIVE>
              <AMOUNT>-3375.71</AMOUNT>
            </ALLLEDGERENTRIES.LIST>
            <ALLLEDGERENTRIES.LIST>
              <LEDGERNAME>Cash</LEDGERNAME>
              <ISDEEMEDPOSITIVE>Yes</ISDEEMEDPOSITIVE>
              <AMOUNT>3375.71</AMOUNT>
            </ALLLEDGERENTRIES.LIST>
          </VOUCHER>
        </TALLYMESSAGE>
        <TALLYMESSAGE xmlns:UDF="TallyUDF">
          <VOUCHER VCHTYPE="Sales" ACTION="Create">
            <DATE>20250116</DATE>
            <DISPLAYDATE>16-01-2025</DISPLAYDATE>
            <PERSISTEDVIEW>Accounting Voucher View</PERSISTEDVIEW>
            <VOUCHERTYPENAME>Sales</VOUCHERTYPENAME>
            <VOUCHERNUMBER>SL-00200</VOUCHERNUMBER>
            <NARRATION>Sales entry generated for 2025-01-16</NARRATION>
            <ALLLEDGERENTRIES.LIST>
              <LEDGERNAME>Sales</LEDGERNAME>
              <ISDEEMEDPOSITIVE>No</ISDEEMEDPOSITIVE>
              <AMOUNT>-5918.52</AMOUNT>
            </ALLLEDGERENTRIES.LIST>
            <ALLLEDGERENTRIES.LIST>
              <LEDGERNAME>Cash</LEDGERNAME>
              <ISDEEMEDPOSITIVE>Yes</ISDEEMEDPOSITIVE>
              <AMOUNT>5918.52</AMOUNT>
            </ALLLEDGERENTRIES.LIST>
          </VOUCHER>
        </TALLYMESSAGE>
        <TALLYMESSAGE xmlns:UDF="TallyUDF">
          <VOUCHER VCHTYPE="Sales" ACTION="Create">
            <DATE>20250117</DATE>
            <DISPLAYDATE>17-01-2025</DISPLAYDATE>
            <PERSISTEDVIEW>Accounting Voucher View</PERSISTEDVIEW>
            <VOUCHERTYPENAME>Sales</VOUCHERTYPENAME>
            <VOUCHERNUMBER>SL-00201</VOUCHERNUMBER>
            <NARRATION>Sales entry generated for 2025-01-17</NARRATION>
            <ALLLEDGERENTRIES.LIST>
              <LEDGERNAME>Sales</LEDGERNAME>
              <ISDEEMEDPOSITIVE>No</ISDEEMEDPOSITIVE>
              <AMOUNT>-3682.82</AMOUNT>
            </ALLLEDGERENTRIES.LIST>
            <ALLLEDGERENTRIES.LIST>
              <LEDGERNAME>Cash</LEDGERNAME>
              <ISDEEMEDPOSITIVE>Yes</ISDEEMEDPOSITIVE>
              <AMOUNT>3682.82</AMOUNT>
            </ALLLEDGERENTRIES.LIST>
          </VOUCHER>
        </TALLYMESSAGE>
        <TALLYMESSAGE xmlns:UDF="TallyUDF">
          <VOUCHER VCHTYPE="Sales" ACTION="Create">
            <DATE>20250118</DATE>
            <DISPLAYDATE>18-01-2025</DISPLAYDATE>
            <PERSISTEDVIEW>Accounting Voucher View</PERSISTEDVIEW>
            <VOUCHERTYPENAME>Sales</VOUCHERTYPENAME>
            <VOUCHERNUMBER>SL-00202</VOUCHERNUMBER>
            <NARRATION>Sales entry generated for 2025-01-18</NARRATION>
            <ALLLEDGERENTRIES.LIST>
              <LEDGERNAME>Sales</LEDGERNAME>
              <ISDEEMEDPOSITIVE>No</ISDEEMEDPOSITIVE>
              <AMOUNT>-5135.04</AMOUNT>
            </ALLLEDGERENTRIES.LIST>
            <ALLLEDGERENTRIES.LIST>
              <LEDGERNAME>Cash</LEDGERNAME>
              <ISDEEMEDPOSITIVE>Yes</ISDEEMEDPOSITIVE>
              <AMOUNT>5135.04</AMOUNT>
            </ALLLEDGERENTRIES.LIST>
          </VOUCHER>
        </TALLYMESSAGE>
        <TALLYMESSAGE xmlns:UDF="TallyUDF">
          <VOUCHER VCHTYPE="Sales" ACTION="Create">
            <DATE>20250119</DATE>
            <DISPLAYDATE>19-01-2025</DISPLAYDATE>
            <PERSISTEDVIEW>Accounting Voucher View</PERSISTEDVIEW>
            <VOUCHERTYPENAME>Sales</VOUCHERTYPENAME>
            <VOUCHERNUMBER>SL-00203</VOUCHERNUMBER>
            <NARRATION>Sales entry generated for 2025-01-19</NARRATION>
            <ALLLEDGERENTRIES.LIST>
              <LEDGERNAME>Sales</LEDGERNAME>
              <ISDEEMEDPOSITIVE>No</ISDEEMEDPOSITIVE>
              <AMOUNT>-5016.34</AMOUNT>
            </ALLLEDGERENTRIES.LIST>
            <ALLLEDGERENTRIES.LIST>
              <LEDGERNAME>Cash</LEDGERNAME>
              <ISDEEMEDPOSITIVE>Yes</ISDEEMEDPOSITIVE>
              <AMOUNT>5016.34</AMOUNT>
            </ALLLEDGERENTRIES.LIST>
          </VOUCHER>
        </TALLYMESSAGE>
        <TALLYMESSAGE xmlns:UDF="TallyUDF">
          <VOUCHER VCHTYPE="Sales" ACTION="Create">
            <DATE>20250120</DATE>
            <DISPLAYDATE>20-01-2025</DISPLAYDATE>
            <PERSISTEDVIEW>Accounting Voucher View</PERSISTEDVIEW>
            <VOUCHERTYPENAME>Sales</VOUCHERTYPENAME>
            <VOUCHERNUMBER>SL-00204</VOUCHERNUMBER>
            <NARRATION>Sales entry generated for 2025-01-20</NARRATION>
            <ALLLEDGERENTRIES.LIST>
              <LEDGERNAME>Sales</LEDGERNAME>
              <ISDEEMEDPOSITIVE>No</ISDEEMEDPOSITIVE>
              <AMOUNT>-5587.82</AMOUNT>
            </ALLLEDGERENTRIES.LIST>
            <ALLLEDGERENTRIES.LIST>
              <LEDGERNAME>Cash</LEDGERNAME>
              <ISDEEMEDPOSITIVE>Yes</ISDEEMEDPOSITIVE>
              <AMOUNT>5587.82</AMOUNT>
            </ALLLEDGERENTRIES.LIST>
          </VOUCHER>
        </TALLYMESSAGE>
        <TALLYMESSAGE xmlns:UDF="TallyUDF">
          <VOUCHER VCHTYPE="Sales" ACTION="Create">
            <DATE>20250121</DATE>
            <DISPLAYDATE>21-01-2025</DISPLAYDATE>
            <PERSISTEDVIEW>Accounting Voucher View</PERSISTEDVIEW>
            <VOUCHERTYPENAME>Sales</VOUCHERTYPENAME>
            <VOUCHERNUMBER>SL-00205</VOUCHERNUMBER>
            <NARRATION>Sales entry generated for 2025-01-21</NARRATION>
            <ALLLEDGERENTRIES.LIST>
              <LEDGERNAME>Sales</LEDGERNAME>
              <ISDEEMEDPOSITIVE>No</ISDEEMEDPOSITIVE>
              <AMOUNT>-5738.59</AMOUNT>
            </ALLLEDGERENTRIES.LIST>
            <ALLLEDGERENTRIES.LIST>
              <LEDGERNAME>Cash</LEDGERNAME>
              <ISDEEMEDPOSITIVE>Yes</ISDEEMEDPOSITIVE>
              <AMOUNT>5738.59</AMOUNT>
            </ALLLEDGERENTRIES.LIST>
          </VOUCHER>
        </TALLYMESSAGE>
        <TALLYMESSAGE xmlns:UDF="TallyUDF">
          <VOUCHER VCHTYPE="Sales" ACTION="Create">
            <DATE>20250122</DATE>
            <DISPLAYDATE>22-01-2025</DISPLAYDATE>
            <PERSISTEDVIEW>Accounting Voucher View</PERSISTEDVIEW>
            <VOUCHERTYPENAME>Sales</VOUCHERTYPENAME>
            <VOUCHERNUMBER>SL-00206</VOUCHERNUMBER>
            <NARRATION>Sales entry generated for 2025-01-22</NARRATION>
            <ALLLEDGERENTRIES.LIST>
              <LEDGERNAME>Sales</LEDGERNAME>
              <ISDEEMEDPOSITIVE>No</ISDEEMEDPOSITIVE>
              <AMOUNT>-3279.90</AMOUNT>
            </ALLLEDGERENTRIES.LIST>
            <ALLLEDGERENTRIES.LIST>
              <LEDGERNAME>Cash</LEDGERNAME>
              <ISDEEMEDPOSITIVE>Yes</ISDEEMEDPOSITIVE>
              <AMOUNT>3279.90</AMOUNT>
            </ALLLEDGERENTRIES.LIST>
          </VOUCHER>
        </TALLYMESSAGE>
        <TALLYMESSAGE xmlns:UDF="TallyUDF">
          <VOUCHER VCHTYPE="Sales" ACTION="Create">
            <DATE>20250123</DATE>
            <DISPLAYDATE>23-01-2025</DISPLAYDATE>
            <PERSISTEDVIEW>Accounting Voucher View</PERSISTEDVIEW>
            <VOUCHERTYPENAME>Sales</VOUCHERTYPENAME>
            <VOUCHERNUMBER>SL-00207</VOUCHERNUMBER>
            <NARRATION>Sales entry generated for 2025-01-23</NARRATION>
            <ALLLEDGERENTRIES.LIST>
              <LEDGERNAME>Sales</LEDGERNAME>
              <ISDEEMEDPOSITIVE>No</ISDEEMEDPOSITIVE>
              <AMOUNT>-4680.26</AMOUNT>
            </ALLLEDGERENTRIES.LIST>
            <ALLLEDGERENTRIES.LIST>
              <LEDGERNAME>Cash</LEDGERNAME>
              <ISDEEMEDPOSITIVE>Yes</ISDEEMEDPOSITIVE>
              <AMOUNT>4680.26</AMOUNT>
            </ALLLEDGERENTRIES.LIST>
          </VOUCHER>
        </TALLYMESSAGE>
        <TALLYMESSAGE xmlns:UDF="TallyUDF">
          <VOUCHER VCHTYPE="Sales" ACTION="Create">
            <DATE>20250124</DATE>
            <DISPLAYDATE>24-01-2025</DISPLAYDATE>
            <PERSISTEDVIEW>Accounting Voucher View</PERSISTEDVIEW>
            <VOUCHERTYPENAME>Sales</VOUCHERTYPENAME>
            <VOUCHERNUMBER>SL-00208</VOUCHERNUMBER>
            <NARRATION>Sales entry generated for 2025-01-24</NARRATION>
            <ALLLEDGERENTRIES.LIST>
              <LEDGERNAME>Sales</LEDGERNAME>
              <ISDEEMEDPOSITIVE>No</ISDEEMEDPOSITIVE>
              <AMOUNT>-5065.45</AMOUNT>
            </ALLLEDGERENTRIES.LIST>
            <ALLLEDGERENTRIES.LIST>
              <LEDGERNAME>Cash</LEDGERNAME>
              <ISDEEMEDPOSITIVE>Yes</ISDEEMEDPOSITIVE>
              <AMOUNT>5065.45</AMOUNT>
            </ALLLEDGERENTRIES.LIST>
          </VOUCHER>
        </TALLYMESSAGE>
        <TALLYMESSAGE xmlns:UDF="TallyUDF">
          <VOUCHER VCHTYPE="Sales" ACTION="Create">
            <DATE>20250125</DATE>
            <DISPLAYDATE>25-01-2025</DISPLAYDATE>
            <PERSISTEDVIEW>Accounting Voucher View</PERSISTEDVIEW>
            <VOUCHERTYPENAME>Sales</VOUCHERTYPENAME>
            <VOUCHERNUMBER>SL-00209</VOUCHERNUMBER>
            <NARRATION>Sales entry generated for 2025-01-25</NARRATION>
            <ALLLEDGERENTRIES.LIST>
              <LEDGERNAME>Sales</LEDGERNAME>
              <ISDEEMEDPOSITIVE>No</ISDEEMEDPOSITIVE>
              <AMOUNT>-3375.67</AMOUNT>
            </ALLLEDGERENTRIES.LIST>
            <ALLLEDGERENTRIES.LIST>
              <LEDGERNAME>Cash</LEDGERNAME>
              <ISDEEMEDPOSITIVE>Yes</ISDEEMEDPOSITIVE>
              <AMOUNT>3375.67</AMOUNT>
            </ALLLEDGERENTRIES.LIST>
          </VOUCHER>
        </TALLYMESSAGE>
        <TALLYMESSAGE xmlns:UDF="TallyUDF">
          <VOUCHER VCHTYPE="Sales" ACTION="Create">
            <DATE>20250126</DATE>
            <DISPLAYDATE>26-01-2025</DISPLAYDATE>
            <PERSISTEDVIEW>Accounting Voucher View</PERSISTEDVIEW>
            <VOUCHERTYPENAME>Sales</VOUCHERTYPENAME>
            <VOUCHERNUMBER>SL-00210</VOUCHERNUMBER>
            <NARRATION>Sales entry generated for 2025-01-26</NARRATION>
            <ALLLEDGERENTRIES.LIST>
              <LEDGERNAME>Sales</LEDGERNAME>
              <ISDEEMEDPOSITIVE>No</ISDEEMEDPOSITIVE>
              <AMOUNT>-5897.29</AMOUNT>
            </ALLLEDGERENTRIES.LIST>
            <ALLLEDGERENTRIES.LIST>
              <LEDGERNAME>Cash</LEDGERNAME>
              <ISDEEMEDPOSITIVE>Yes</ISDEEMEDPOSITIVE>
              <AMOUNT>5897.29</AMOUNT>
            </ALLLEDGERENTRIES.LIST>
          </VOUCHER>
        </TALLYMESSAGE>
        <TALLYMESSAGE xmlns:UDF="TallyUDF">
          <VOUCHER VCHTYPE="Sales" ACTION="Create">
            <DATE>20250127</DATE>
            <DISPLAYDATE>27-01-2025</DISPLAYDATE>
            <PERSISTEDVIEW>Accounting Voucher View</PERSISTEDVIEW>
            <VOUCHERTYPENAME>Sales</VOUCHERTYPENAME>
            <VOUCHERNUMBER>SL-00211</VOUCHERNUMBER>
            <NARRATION>Sales entry generated for 2025-01-27</NARRATION>
            <ALLLEDGERENTRIES.LIST>
              <LEDGERNAME>Sales</LEDGERNAME>
              <ISDEEMEDPOSITIVE>No</ISDEEMEDPOSITIVE>
              <AMOUNT>-5014.02</AMOUNT>
            </ALLLEDGERENTRIES.LIST>
            <ALLLEDGERENTRIES.LIST>
              <LEDGERNAME>Cash</LEDGERNAME>
              <ISDEEMEDPOSITIVE>Yes</ISDEEMEDPOSITIVE>
              <AMOUNT>5014.02</AMOUNT>
            </ALLLEDGERENTRIES.LIST>
          </VOUCHER>
        </TALLYMESSAGE>
        <TALLYMESSAGE xmlns:UDF="TallyUDF">
          <VOUCHER VCHTYPE="Sales" ACTION="Create">
            <DATE>20250128</DATE>
            <DISPLAYDATE>28-01-2025</DISPLAYDATE>
            <PERSISTEDVIEW>Accounting Voucher View</PERSISTEDVIEW>
            <VOUCHERTYPENAME>Sales</VOUCHERTYPENAME>
            <VOUCHERNUMBER>SL-00212</VOUCHERNUMBER>
            <NARRATION>Sales entry generated for 2025-01-28</NARRATION>
            <ALLLEDGERENTRIES.LIST>
              <LEDGERNAME>Sales</LEDGERNAME>
              <ISDEEMEDPOSITIVE>No</ISDEEMEDPOSITIVE>
              <AMOUNT>-3636.14</AMOUNT>
            </ALLLEDGERENTRIES.LIST>
            <ALLLEDGERENTRIES.LIST>
              <LEDGERNAME>Cash</LEDGERNAME>
              <ISDEEMEDPOSITIVE>Yes</ISDEEMEDPOSITIVE>
              <AMOUNT>3636.14</AMOUNT>
            </ALLLEDGERENTRIES.LIST>
          </VOUCHER>
        </TALLYMESSAGE>
        <TALLYMESSAGE xmlns:UDF="TallyUDF">
          <VOUCHER VCHTYPE="Sales" ACTION="Create">
            <DATE>20250129</DATE>
            <DISPLAYDATE>29-01-2025</DISPLAYDATE>
            <PERSISTEDVIEW>Accounting Voucher View</PERSISTEDVIEW>
            <VOUCHERTYPENAME>Sales</VOUCHERTYPENAME>
            <VOUCHERNUMBER>SL-00213</VOUCHERNUMBER>
            <NARRATION>Sales entry generated for 2025-01-29</NARRATION>
            <ALLLEDGERENTRIES.LIST>
              <LEDGERNAME>Sales</LEDGERNAME>
              <ISDEEMEDPOSITIVE>No</ISDEEMEDPOSITIVE>
              <AMOUNT>-3314.02</AMOUNT>
            </ALLLEDGERENTRIES.LIST>
            <ALLLEDGERENTRIES.LIST>
              <LEDGERNAME>Cash</LEDGERNAME>
              <ISDEEMEDPOSITIVE>Yes</ISDEEMEDPOSITIVE>
              <AMOUNT>3314.02</AMOUNT>
            </ALLLEDGERENTRIES.LIST>
          </VOUCHER>
        </TALLYMESSAGE>
        <TALLYMESSAGE xmlns:UDF="TallyUDF">
          <VOUCHER VCHTYPE="Sales" ACTION="Create">
            <DATE>20250130</DATE>
            <DISPLAYDATE>30-01-2025</DISPLAYDATE>
            <PERSISTEDVIEW>Accounting Voucher View</PERSISTEDVIEW>
            <VOUCHERTYPENAME>Sales</VOUCHERTYPENAME>
            <VOUCHERNUMBER>SL-00214</VOUCHERNUMBER>
            <NARRATION>Sales entry generated for 2025-01-30</NARRATION>
            <ALLLEDGERENTRIES.LIST>
              <LEDGERNAME>Sales</LEDGERNAME>
              <ISDEEMEDPOSITIVE>No</ISDEEMEDPOSITIVE>
              <AMOUNT>-4520.15</AMOUNT>
            </ALLLEDGERENTRIES.LIST>
            <ALLLEDGERENTRIES.LIST>
              <LEDGERNAME>Cash</LEDGERNAME>
              <ISDEEMEDPOSITIVE>Yes</ISDEEMEDPOSITIVE>
              <AMOUNT>4520.15</AMOUNT>
            </ALLLEDGERENTRIES.LIST>
          </VOUCHER>
        </TALLYMESSAGE>
        <TALLYMESSAGE xmlns:UDF="TallyUDF">
          <VOUCHER VCHTYPE="Sales" ACTION="Create">
            <DATE>20250131</DATE>
            <DISPLAYDATE>31-01-2025</DISPLAYDATE>
            <PERSISTEDVIEW>Accounting Voucher View</PERSISTEDVIEW>
            <VOUCHERTYPENAME>Sales</VOUCHERTYPENAME>
            <VOUCHERNUMBER>SL-00215</VOUCHERNUMBER>
            <NARRATION>Sales entry generated for 2025-01-31</NARRATION>
            <ALLLEDGERENTRIES.LIST>
              <LEDGERNAME>Sales</LEDGERNAME>
              <ISDEEMEDPOSITIVE>No</ISDEEMEDPOSITIVE>
              <AMOUNT>-5672.62</AMOUNT>
            </ALLLEDGERENTRIES.LIST>
            <ALLLEDGERENTRIES.LIST>
              <LEDGERNAME>Cash</LEDGERNAME>
              <ISDEEMEDPOSITIVE>Yes</ISDEEMEDPOSITIVE>
              <AMOUNT>5672.62</AMOUNT>
            </ALLLEDGERENTRIES.LIST>
          </VOUCHER>
        </TALLYMESSAGE>
        <TALLYMESSAGE xmlns:UDF="TallyUDF">
          <VOUCHER VCHTYPE="Sales" ACTION="Create">
            <DATE>20250201</DATE>
            <DISPLAYDATE>01-02-2025</DISPLAYDATE>
            <PERSISTEDVIEW>Accounting Voucher View</PERSISTEDVIEW>
            <VOUCHERTYPENAME>Sales</VOUCHERTYPENAME>
            <VOUCHERNUMBER>SL-00216</VOUCHERNUMBER>
            <NARRATION>Sales entry generated for 2025-02-01</NARRATION>
            <ALLLEDGERENTRIES.LIST>
              <LEDGERNAME>Sales</LEDGERNAME>
              <ISDEEMEDPOSITIVE>No</ISDEEMEDPOSITIVE>
              <AMOUNT>-3761.90</AMOUNT>
            </ALLLEDGERENTRIES.LIST>
            <ALLLEDGERENTRIES.LIST>
              <LEDGERNAME>Cash</LEDGERNAME>
              <ISDEEMEDPOSITIVE>Yes</ISDEEMEDPOSITIVE>
              <AMOUNT>3761.90</AMOUNT>
            </ALLLEDGERENTRIES.LIST>
          </VOUCHER>
        </TALLYMESSAGE>
        <TALLYMESSAGE xmlns:UDF="TallyUDF">
          <VOUCHER VCHTYPE="Sales" ACTION="Create">
            <DATE>20250202</DATE>
            <DISPLAYDATE>02-02-2025</DISPLAYDATE>
            <PERSISTEDVIEW>Accounting Voucher View</PERSISTEDVIEW>
            <VOUCHERTYPENAME>Sales</VOUCHERTYPENAME>
            <VOUCHERNUMBER>SL-00217</VOUCHERNUMBER>
            <NARRATION>Sales entry generated for 2025-02-02</NARRATION>
            <ALLLEDGERENTRIES.LIST>
              <LEDGERNAME>Sales</LEDGERNAME>
              <ISDEEMEDPOSITIVE>No</ISDEEMEDPOSITIVE>
              <AMOUNT>-4555.06</AMOUNT>
            </ALLLEDGERENTRIES.LIST>
            <ALLLEDGERENTRIES.LIST>
              <LEDGERNAME>Cash</LEDGERNAME>
              <ISDEEMEDPOSITIVE>Yes</ISDEEMEDPOSITIVE>
              <AMOUNT>4555.06</AMOUNT>
            </ALLLEDGERENTRIES.LIST>
          </VOUCHER>
        </TALLYMESSAGE>
        <TALLYMESSAGE xmlns:UDF="TallyUDF">
          <VOUCHER VCHTYPE="Sales" ACTION="Create">
            <DATE>20250203</DATE>
            <DISPLAYDATE>03-02-2025</DISPLAYDATE>
            <PERSISTEDVIEW>Accounting Voucher View</PERSISTEDVIEW>
            <VOUCHERTYPENAME>Sales</VOUCHERTYPENAME>
            <VOUCHERNUMBER>SL-00218</VOUCHERNUMBER>
            <NARRATION>Sales entry generated for 2025-02-03</NARRATION>
            <ALLLEDGERENTRIES.LIST>
              <LEDGERNAME>Sales</LEDGERNAME>
              <ISDEEMEDPOSITIVE>No</ISDEEMEDPOSITIVE>
              <AMOUNT>-4648.83</AMOUNT>
            </ALLLEDGERENTRIES.LIST>
            <ALLLEDGERENTRIES.LIST>
              <LEDGERNAME>Cash</LEDGERNAME>
              <ISDEEMEDPOSITIVE>Yes</ISDEEMEDPOSITIVE>
              <AMOUNT>4648.83</AMOUNT>
            </ALLLEDGERENTRIES.LIST>
          </VOUCHER>
        </TALLYMESSAGE>
        <TALLYMESSAGE xmlns:UDF="TallyUDF">
          <VOUCHER VCHTYPE="Sales" ACTION="Create">
            <DATE>20250204</DATE>
            <DISPLAYDATE>04-02-2025</DISPLAYDATE>
            <PERSISTEDVIEW>Accounting Voucher View</PERSISTEDVIEW>
            <VOUCHERTYPENAME>Sales</VOUCHERTYPENAME>
            <VOUCHERNUMBER>SL-00219</VOUCHERNUMBER>
            <NARRATION>Sales entry generated for 2025-02-04</NARRATION>
            <ALLLEDGERENTRIES.LIST>
              <LEDGERNAME>Sales</LEDGERNAME>
              <ISDEEMEDPOSITIVE>No</ISDEEMEDPOSITIVE>
              <AMOUNT>-3241.53</AMOUNT>
            </ALLLEDGERENTRIES.LIST>
            <ALLLEDGERENTRIES.LIST>
              <LEDGERNAME>Cash</LEDGERNAME>
              <ISDEEMEDPOSITIVE>Yes</ISDEEMEDPOSITIVE>
              <AMOUNT>3241.53</AMOUNT>
            </ALLLEDGERENTRIES.LIST>
          </VOUCHER>
        </TALLYMESSAGE>
        <TALLYMESSAGE xmlns:UDF="TallyUDF">
          <VOUCHER VCHTYPE="Sales" ACTION="Create">
            <DATE>20250205</DATE>
            <DISPLAYDATE>05-02-2025</DISPLAYDATE>
            <PERSISTEDVIEW>Accounting Voucher View</PERSISTEDVIEW>
            <VOUCHERTYPENAME>Sales</VOUCHERTYPENAME>
            <VOUCHERNUMBER>SL-00220</VOUCHERNUMBER>
            <NARRATION>Sales entry generated for 2025-02-05</NARRATION>
            <ALLLEDGERENTRIES.LIST>
              <LEDGERNAME>Sales</LEDGERNAME>
              <ISDEEMEDPOSITIVE>No</ISDEEMEDPOSITIVE>
              <AMOUNT>-3303.29</AMOUNT>
            </ALLLEDGERENTRIES.LIST>
            <ALLLEDGERENTRIES.LIST>
              <LEDGERNAME>Cash</LEDGERNAME>
              <ISDEEMEDPOSITIVE>Yes</ISDEEMEDPOSITIVE>
              <AMOUNT>3303.29</AMOUNT>
            </ALLLEDGERENTRIES.LIST>
          </VOUCHER>
        </TALLYMESSAGE>
        <TALLYMESSAGE xmlns:UDF="TallyUDF">
          <VOUCHER VCHTYPE="Sales" ACTION="Create">
            <DATE>20250206</DATE>
            <DISPLAYDATE>06-02-2025</DISPLAYDATE>
            <PERSISTEDVIEW>Accounting Voucher View</PERSISTEDVIEW>
            <VOUCHERTYPENAME>Sales</VOUCHERTYPENAME>
            <VOUCHERNUMBER>SL-00221</VOUCHERNUMBER>
            <NARRATION>Sales entry generated for 2025-02-06</NARRATION>
            <ALLLEDGERENTRIES.LIST>
              <LEDGERNAME>Sales</LEDGERNAME>
              <ISDEEMEDPOSITIVE>No</ISDEEMEDPOSITIVE>
              <AMOUNT>-5098.59</AMOUNT>
            </ALLLEDGERENTRIES.LIST>
            <ALLLEDGERENTRIES.LIST>
              <LEDGERNAME>Cash</LEDGERNAME>
              <ISDEEMEDPOSITIVE>Yes</ISDEEMEDPOSITIVE>
              <AMOUNT>5098.59</AMOUNT>
            </ALLLEDGERENTRIES.LIST>
          </VOUCHER>
        </TALLYMESSAGE>
        <TALLYMESSAGE xmlns:UDF="TallyUDF">
          <VOUCHER VCHTYPE="Sales" ACTION="Create">
            <DATE>20250207</DATE>
            <DISPLAYDATE>07-02-2025</DISPLAYDATE>
            <PERSISTEDVIEW>Accounting Voucher View</PERSISTEDVIEW>
            <VOUCHERTYPENAME>Sales</VOUCHERTYPENAME>
            <VOUCHERNUMBER>SL-00222</VOUCHERNUMBER>
            <NARRATION>Sales entry generated for 2025-02-07</NARRATION>
            <ALLLEDGERENTRIES.LIST>
              <LEDGERNAME>Sales</LEDGERNAME>
              <ISDEEMEDPOSITIVE>No</ISDEEMEDPOSITIVE>
              <AMOUNT>-5683.33</AMOUNT>
            </ALLLEDGERENTRIES.LIST>
            <ALLLEDGERENTRIES.LIST>
              <LEDGERNAME>Cash</LEDGERNAME>
              <ISDEEMEDPOSITIVE>Yes</ISDEEMEDPOSITIVE>
              <AMOUNT>5683.33</AMOUNT>
            </ALLLEDGERENTRIES.LIST>
          </VOUCHER>
        </TALLYMESSAGE>
        <TALLYMESSAGE xmlns:UDF="TallyUDF">
          <VOUCHER VCHTYPE="Sales" ACTION="Create">
            <DATE>20250208</DATE>
            <DISPLAYDATE>08-02-2025</DISPLAYDATE>
            <PERSISTEDVIEW>Accounting Voucher View</PERSISTEDVIEW>
            <VOUCHERTYPENAME>Sales</VOUCHERTYPENAME>
            <VOUCHERNUMBER>SL-00223</VOUCHERNUMBER>
            <NARRATION>Sales entry generated for 2025-02-08</NARRATION>
            <ALLLEDGERENTRIES.LIST>
              <LEDGERNAME>Sales</LEDGERNAME>
              <ISDEEMEDPOSITIVE>No</ISDEEMEDPOSITIVE>
              <AMOUNT>-4454.08</AMOUNT>
            </ALLLEDGERENTRIES.LIST>
            <ALLLEDGERENTRIES.LIST>
              <LEDGERNAME>Cash</LEDGERNAME>
              <ISDEEMEDPOSITIVE>Yes</ISDEEMEDPOSITIVE>
              <AMOUNT>4454.08</AMOUNT>
            </ALLLEDGERENTRIES.LIST>
          </VOUCHER>
        </TALLYMESSAGE>
        <TALLYMESSAGE xmlns:UDF="TallyUDF">
          <VOUCHER VCHTYPE="Sales" ACTION="Create">
            <DATE>20250209</DATE>
            <DISPLAYDATE>09-02-2025</DISPLAYDATE>
            <PERSISTEDVIEW>Accounting Voucher View</PERSISTEDVIEW>
            <VOUCHERTYPENAME>Sales</VOUCHERTYPENAME>
            <VOUCHERNUMBER>SL-00224</VOUCHERNUMBER>
            <NARRATION>Sales entry generated for 2025-02-09</NARRATION>
            <ALLLEDGERENTRIES.LIST>
              <LEDGERNAME>Sales</LEDGERNAME>
              <ISDEEMEDPOSITIVE>No</ISDEEMEDPOSITIVE>
              <AMOUNT>-4471.91</AMOUNT>
            </ALLLEDGERENTRIES.LIST>
            <ALLLEDGERENTRIES.LIST>
              <LEDGERNAME>Cash</LEDGERNAME>
              <ISDEEMEDPOSITIVE>Yes</ISDEEMEDPOSITIVE>
              <AMOUNT>4471.91</AMOUNT>
            </ALLLEDGERENTRIES.LIST>
          </VOUCHER>
        </TALLYMESSAGE>
        <TALLYMESSAGE xmlns:UDF="TallyUDF">
          <VOUCHER VCHTYPE="Sales" ACTION="Create">
            <DATE>20250210</DATE>
            <DISPLAYDATE>10-02-2025</DISPLAYDATE>
            <PERSISTEDVIEW>Accounting Voucher View</PERSISTEDVIEW>
            <VOUCHERTYPENAME>Sales</VOUCHERTYPENAME>
            <VOUCHERNUMBER>SL-00225</VOUCHERNUMBER>
            <NARRATION>Sales entry generated for 2025-02-10</NARRATION>
            <ALLLEDGERENTRIES.LIST>
              <LEDGERNAME>Sales</LEDGERNAME>
              <ISDEEMEDPOSITIVE>No</ISDEEMEDPOSITIVE>
              <AMOUNT>-5293.69</AMOUNT>
            </ALLLEDGERENTRIES.LIST>
            <ALLLEDGERENTRIES.LIST>
              <LEDGERNAME>Cash</LEDGERNAME>
              <ISDEEMEDPOSITIVE>Yes</ISDEEMEDPOSITIVE>
              <AMOUNT>5293.69</AMOUNT>
            </ALLLEDGERENTRIES.LIST>
          </VOUCHER>
        </TALLYMESSAGE>
        <TALLYMESSAGE xmlns:UDF="TallyUDF">
          <VOUCHER VCHTYPE="Sales" ACTION="Create">
            <DATE>20250211</DATE>
            <DISPLAYDATE>11-02-2025</DISPLAYDATE>
            <PERSISTEDVIEW>Accounting Voucher View</PERSISTEDVIEW>
            <VOUCHERTYPENAME>Sales</VOUCHERTYPENAME>
            <VOUCHERNUMBER>SL-00226</VOUCHERNUMBER>
            <NARRATION>Sales entry generated for 2025-02-11</NARRATION>
            <ALLLEDGERENTRIES.LIST>
              <LEDGERNAME>Sales</LEDGERNAME>
              <ISDEEMEDPOSITIVE>No</ISDEEMEDPOSITIVE>
              <AMOUNT>-5144.99</AMOUNT>
            </ALLLEDGERENTRIES.LIST>
            <ALLLEDGERENTRIES.LIST>
              <LEDGERNAME>Cash</LEDGERNAME>
              <ISDEEMEDPOSITIVE>Yes</ISDEEMEDPOSITIVE>
              <AMOUNT>5144.99</AMOUNT>
            </ALLLEDGERENTRIES.LIST>
          </VOUCHER>
        </TALLYMESSAGE>
        <TALLYMESSAGE xmlns:UDF="TallyUDF">
          <VOUCHER VCHTYPE="Sales" ACTION="Create">
            <DATE>20250212</DATE>
            <DISPLAYDATE>12-02-2025</DISPLAYDATE>
            <PERSISTEDVIEW>Accounting Voucher View</PERSISTEDVIEW>
            <VOUCHERTYPENAME>Sales</VOUCHERTYPENAME>
            <VOUCHERNUMBER>SL-00227</VOUCHERNUMBER>
            <NARRATION>Sales entry generated for 2025-02-12</NARRATION>
            <ALLLEDGERENTRIES.LIST>
              <LEDGERNAME>Sales</LEDGERNAME>
              <ISDEEMEDPOSITIVE>No</ISDEEMEDPOSITIVE>
              <AMOUNT>-3917.00</AMOUNT>
            </ALLLEDGERENTRIES.LIST>
            <ALLLEDGERENTRIES.LIST>
              <LEDGERNAME>Cash</LEDGERNAME>
              <ISDEEMEDPOSITIVE>Yes</ISDEEMEDPOSITIVE>
              <AMOUNT>3917.00</AMOUNT>
            </ALLLEDGERENTRIES.LIST>
          </VOUCHER>
        </TALLYMESSAGE>
        <TALLYMESSAGE xmlns:UDF="TallyUDF">
          <VOUCHER VCHTYPE="Sales" ACTION="Create">
            <DATE>20250213</DATE>
            <DISPLAYDATE>13-02-2025</DISPLAYDATE>
            <PERSISTEDVIEW>Accounting Voucher View</PERSISTEDVIEW>
            <VOUCHERTYPENAME>Sales</VOUCHERTYPENAME>
            <VOUCHERNUMBER>SL-00228</VOUCHERNUMBER>
            <NARRATION>Sales entry generated for 2025-02-13</NARRATION>
            <ALLLEDGERENTRIES.LIST>
              <LEDGERNAME>Sales</LEDGERNAME>
              <ISDEEMEDPOSITIVE>No</ISDEEMEDPOSITIVE>
              <AMOUNT>-4878.55</AMOUNT>
            </ALLLEDGERENTRIES.LIST>
            <ALLLEDGERENTRIES.LIST>
              <LEDGERNAME>Cash</LEDGERNAME>
              <ISDEEMEDPOSITIVE>Yes</ISDEEMEDPOSITIVE>
              <AMOUNT>4878.55</AMOUNT>
            </ALLLEDGERENTRIES.LIST>
          </VOUCHER>
        </TALLYMESSAGE>
        <TALLYMESSAGE xmlns:UDF="TallyUDF">
          <VOUCHER VCHTYPE="Sales" ACTION="Create">
            <DATE>20250214</DATE>
            <DISPLAYDATE>14-02-2025</DISPLAYDATE>
            <PERSISTEDVIEW>Accounting Voucher View</PERSISTEDVIEW>
            <VOUCHERTYPENAME>Sales</VOUCHERTYPENAME>
            <VOUCHERNUMBER>SL-00229</VOUCHERNUMBER>
            <NARRATION>Sales entry generated for 2025-02-14</NARRATION>
            <ALLLEDGERENTRIES.LIST>
              <LEDGERNAME>Sales</LEDGERNAME>
              <ISDEEMEDPOSITIVE>No</ISDEEMEDPOSITIVE>
              <AMOUNT>-3173.60</AMOUNT>
            </ALLLEDGERENTRIES.LIST>
            <ALLLEDGERENTRIES.LIST>
              <LEDGERNAME>Cash</LEDGERNAME>
              <ISDEEMEDPOSITIVE>Yes</ISDEEMEDPOSITIVE>
              <AMOUNT>3173.60</AMOUNT>
            </ALLLEDGERENTRIES.LIST>
          </VOUCHER>
        </TALLYMESSAGE>
        <TALLYMESSAGE xmlns:UDF="TallyUDF">
          <VOUCHER VCHTYPE="Sales" ACTION="Create">
            <DATE>20250215</DATE>
            <DISPLAYDATE>15-02-2025</DISPLAYDATE>
            <PERSISTEDVIEW>Accounting Voucher View</PERSISTEDVIEW>
            <VOUCHERTYPENAME>Sales</VOUCHERTYPENAME>
            <VOUCHERNUMBER>SL-00230</VOUCHERNUMBER>
            <NARRATION>Sales entry generated for 2025-02-15</NARRATION>
            <ALLLEDGERENTRIES.LIST>
              <LEDGERNAME>Sales</LEDGERNAME>
              <ISDEEMEDPOSITIVE>No</ISDEEMEDPOSITIVE>
              <AMOUNT>-4566.91</AMOUNT>
            </ALLLEDGERENTRIES.LIST>
            <ALLLEDGERENTRIES.LIST>
              <LEDGERNAME>Cash</LEDGERNAME>
              <ISDEEMEDPOSITIVE>Yes</ISDEEMEDPOSITIVE>
              <AMOUNT>4566.91</AMOUNT>
            </ALLLEDGERENTRIES.LIST>
          </VOUCHER>
        </TALLYMESSAGE>
        <TALLYMESSAGE xmlns:UDF="TallyUDF">
          <VOUCHER VCHTYPE="Sales" ACTION="Create">
            <DATE>20250216</DATE>
            <DISPLAYDATE>16-02-2025</DISPLAYDATE>
            <PERSISTEDVIEW>Accounting Voucher View</PERSISTEDVIEW>
            <VOUCHERTYPENAME>Sales</VOUCHERTYPENAME>
            <VOUCHERNUMBER>SL-00231</VOUCHERNUMBER>
            <NARRATION>Sales entry generated for 2025-02-16</NARRATION>
            <ALLLEDGERENTRIES.LIST>
              <LEDGERNAME>Sales</LEDGERNAME>
              <ISDEEMEDPOSITIVE>No</ISDEEMEDPOSITIVE>
              <AMOUNT>-3860.69</AMOUNT>
            </ALLLEDGERENTRIES.LIST>
            <ALLLEDGERENTRIES.LIST>
              <LEDGERNAME>Cash</LEDGERNAME>
              <ISDEEMEDPOSITIVE>Yes</ISDEEMEDPOSITIVE>
              <AMOUNT>3860.69</AMOUNT>
            </ALLLEDGERENTRIES.LIST>
          </VOUCHER>
        </TALLYMESSAGE>
        <TALLYMESSAGE xmlns:UDF="TallyUDF">
          <VOUCHER VCHTYPE="Sales" ACTION="Create">
            <DATE>20250217</DATE>
            <DISPLAYDATE>17-02-2025</DISPLAYDATE>
            <PERSISTEDVIEW>Accounting Voucher View</PERSISTEDVIEW>
            <VOUCHERTYPENAME>Sales</VOUCHERTYPENAME>
            <VOUCHERNUMBER>SL-00232</VOUCHERNUMBER>
            <NARRATION>Sales entry generated for 2025-02-17</NARRATION>
            <ALLLEDGERENTRIES.LIST>
              <LEDGERNAME>Sales</LEDGERNAME>
              <ISDEEMEDPOSITIVE>No</ISDEEMEDPOSITIVE>
              <AMOUNT>-3226.02</AMOUNT>
            </ALLLEDGERENTRIES.LIST>
            <ALLLEDGERENTRIES.LIST>
              <LEDGERNAME>Cash</LEDGERNAME>
              <ISDEEMEDPOSITIVE>Yes</ISDEEMEDPOSITIVE>
              <AMOUNT>3226.02</AMOUNT>
            </ALLLEDGERENTRIES.LIST>
          </VOUCHER>
        </TALLYMESSAGE>
        <TALLYMESSAGE xmlns:UDF="TallyUDF">
          <VOUCHER VCHTYPE="Sales" ACTION="Create">
            <DATE>20250218</DATE>
            <DISPLAYDATE>18-02-2025</DISPLAYDATE>
            <PERSISTEDVIEW>Accounting Voucher View</PERSISTEDVIEW>
            <VOUCHERTYPENAME>Sales</VOUCHERTYPENAME>
            <VOUCHERNUMBER>SL-00233</VOUCHERNUMBER>
            <NARRATION>Sales entry generated for 2025-02-18</NARRATION>
            <ALLLEDGERENTRIES.LIST>
              <LEDGERNAME>Sales</LEDGERNAME>
              <ISDEEMEDPOSITIVE>No</ISDEEMEDPOSITIVE>
              <AMOUNT>-3669.05</AMOUNT>
            </ALLLEDGERENTRIES.LIST>
            <ALLLEDGERENTRIES.LIST>
              <LEDGERNAME>Cash</LEDGERNAME>
              <ISDEEMEDPOSITIVE>Yes</ISDEEMEDPOSITIVE>
              <AMOUNT>3669.05</AMOUNT>
            </ALLLEDGERENTRIES.LIST>
          </VOUCHER>
        </TALLYMESSAGE>
        <TALLYMESSAGE xmlns:UDF="TallyUDF">
          <VOUCHER VCHTYPE="Sales" ACTION="Create">
            <DATE>20250219</DATE>
            <DISPLAYDATE>19-02-2025</DISPLAYDATE>
            <PERSISTEDVIEW>Accounting Voucher View</PERSISTEDVIEW>
            <VOUCHERTYPENAME>Sales</VOUCHERTYPENAME>
            <VOUCHERNUMBER>SL-00234</VOUCHERNUMBER>
            <NARRATION>Sales entry generated for 2025-02-19</NARRATION>
            <ALLLEDGERENTRIES.LIST>
              <LEDGERNAME>Sales</LEDGERNAME>
              <ISDEEMEDPOSITIVE>No</ISDEEMEDPOSITIVE>
              <AMOUNT>-3838.69</AMOUNT>
            </ALLLEDGERENTRIES.LIST>
            <ALLLEDGERENTRIES.LIST>
              <LEDGERNAME>Cash</LEDGERNAME>
              <ISDEEMEDPOSITIVE>Yes</ISDEEMEDPOSITIVE>
              <AMOUNT>3838.69</AMOUNT>
            </ALLLEDGERENTRIES.LIST>
          </VOUCHER>
        </TALLYMESSAGE>
        <TALLYMESSAGE xmlns:UDF="TallyUDF">
          <VOUCHER VCHTYPE="Sales" ACTION="Create">
            <DATE>20250220</DATE>
            <DISPLAYDATE>20-02-2025</DISPLAYDATE>
            <PERSISTEDVIEW>Accounting Voucher View</PERSISTEDVIEW>
            <VOUCHERTYPENAME>Sales</VOUCHERTYPENAME>
            <VOUCHERNUMBER>SL-00235</VOUCHERNUMBER>
            <NARRATION>Sales entry generated for 2025-02-20</NARRATION>
            <ALLLEDGERENTRIES.LIST>
              <LEDGERNAME>Sales</LEDGERNAME>
              <ISDEEMEDPOSITIVE>No</ISDEEMEDPOSITIVE>
              <AMOUNT>-4516.17</AMOUNT>
            </ALLLEDGERENTRIES.LIST>
            <ALLLEDGERENTRIES.LIST>
              <LEDGERNAME>Cash</LEDGERNAME>
              <ISDEEMEDPOSITIVE>Yes</ISDEEMEDPOSITIVE>
              <AMOUNT>4516.17</AMOUNT>
            </ALLLEDGERENTRIES.LIST>
          </VOUCHER>
        </TALLYMESSAGE>
        <TALLYMESSAGE xmlns:UDF="TallyUDF">
          <VOUCHER VCHTYPE="Sales" ACTION="Create">
            <DATE>20250221</DATE>
            <DISPLAYDATE>21-02-2025</DISPLAYDATE>
            <PERSISTEDVIEW>Accounting Voucher View</PERSISTEDVIEW>
            <VOUCHERTYPENAME>Sales</VOUCHERTYPENAME>
            <VOUCHERNUMBER>SL-00236</VOUCHERNUMBER>
            <NARRATION>Sales entry generated for 2025-02-21</NARRATION>
            <ALLLEDGERENTRIES.LIST>
              <LEDGERNAME>Sales</LEDGERNAME>
              <ISDEEMEDPOSITIVE>No</ISDEEMEDPOSITIVE>
              <AMOUNT>-3275.81</AMOUNT>
            </ALLLEDGERENTRIES.LIST>
            <ALLLEDGERENTRIES.LIST>
              <LEDGERNAME>Cash</LEDGERNAME>
              <ISDEEMEDPOSITIVE>Yes</ISDEEMEDPOSITIVE>
              <AMOUNT>3275.81</AMOUNT>
            </ALLLEDGERENTRIES.LIST>
          </VOUCHER>
        </TALLYMESSAGE>
        <TALLYMESSAGE xmlns:UDF="TallyUDF">
          <VOUCHER VCHTYPE="Sales" ACTION="Create">
            <DATE>20250222</DATE>
            <DISPLAYDATE>22-02-2025</DISPLAYDATE>
            <PERSISTEDVIEW>Accounting Voucher View</PERSISTEDVIEW>
            <VOUCHERTYPENAME>Sales</VOUCHERTYPENAME>
            <VOUCHERNUMBER>SL-00237</VOUCHERNUMBER>
            <NARRATION>Sales entry generated for 2025-02-22</NARRATION>
            <ALLLEDGERENTRIES.LIST>
              <LEDGERNAME>Sales</LEDGERNAME>
              <ISDEEMEDPOSITIVE>No</ISDEEMEDPOSITIVE>
              <AMOUNT>-3792.53</AMOUNT>
            </ALLLEDGERENTRIES.LIST>
            <ALLLEDGERENTRIES.LIST>
              <LEDGERNAME>Cash</LEDGERNAME>
              <ISDEEMEDPOSITIVE>Yes</ISDEEMEDPOSITIVE>
              <AMOUNT>3792.53</AMOUNT>
            </ALLLEDGERENTRIES.LIST>
          </VOUCHER>
        </TALLYMESSAGE>
        <TALLYMESSAGE xmlns:UDF="TallyUDF">
          <VOUCHER VCHTYPE="Sales" ACTION="Create">
            <DATE>20250223</DATE>
            <DISPLAYDATE>23-02-2025</DISPLAYDATE>
            <PERSISTEDVIEW>Accounting Voucher View</PERSISTEDVIEW>
            <VOUCHERTYPENAME>Sales</VOUCHERTYPENAME>
            <VOUCHERNUMBER>SL-00238</VOUCHERNUMBER>
            <NARRATION>Sales entry generated for 2025-02-23</NARRATION>
            <ALLLEDGERENTRIES.LIST>
              <LEDGERNAME>Sales</LEDGERNAME>
              <ISDEEMEDPOSITIVE>No</ISDEEMEDPOSITIVE>
              <AMOUNT>-4401.26</AMOUNT>
            </ALLLEDGERENTRIES.LIST>
            <ALLLEDGERENTRIES.LIST>
              <LEDGERNAME>Cash</LEDGERNAME>
              <ISDEEMEDPOSITIVE>Yes</ISDEEMEDPOSITIVE>
              <AMOUNT>4401.26</AMOUNT>
            </ALLLEDGERENTRIES.LIST>
          </VOUCHER>
        </TALLYMESSAGE>
        <TALLYMESSAGE xmlns:UDF="TallyUDF">
          <VOUCHER VCHTYPE="Sales" ACTION="Create">
            <DATE>20250224</DATE>
            <DISPLAYDATE>24-02-2025</DISPLAYDATE>
            <PERSISTEDVIEW>Accounting Voucher View</PERSISTEDVIEW>
            <VOUCHERTYPENAME>Sales</VOUCHERTYPENAME>
            <VOUCHERNUMBER>SL-00239</VOUCHERNUMBER>
            <NARRATION>Sales entry generated for 2025-02-24</NARRATION>
            <ALLLEDGERENTRIES.LIST>
              <LEDGERNAME>Sales</LEDGERNAME>
              <ISDEEMEDPOSITIVE>No</ISDEEMEDPOSITIVE>
              <AMOUNT>-3625.40</AMOUNT>
            </ALLLEDGERENTRIES.LIST>
            <ALLLEDGERENTRIES.LIST>
              <LEDGERNAME>Cash</LEDGERNAME>
              <ISDEEMEDPOSITIVE>Yes</ISDEEMEDPOSITIVE>
              <AMOUNT>3625.40</AMOUNT>
            </ALLLEDGERENTRIES.LIST>
          </VOUCHER>
        </TALLYMESSAGE>
        <TALLYMESSAGE xmlns:UDF="TallyUDF">
          <VOUCHER VCHTYPE="Sales" ACTION="Create">
            <DATE>20250225</DATE>
            <DISPLAYDATE>25-02-2025</DISPLAYDATE>
            <PERSISTEDVIEW>Accounting Voucher View</PERSISTEDVIEW>
            <VOUCHERTYPENAME>Sales</VOUCHERTYPENAME>
            <VOUCHERNUMBER>SL-00240</VOUCHERNUMBER>
            <NARRATION>Sales entry generated for 2025-02-25</NARRATION>
            <ALLLEDGERENTRIES.LIST>
              <LEDGERNAME>Sales</LEDGERNAME>
              <ISDEEMEDPOSITIVE>No</ISDEEMEDPOSITIVE>
              <AMOUNT>-4592.18</AMOUNT>
            </ALLLEDGERENTRIES.LIST>
            <ALLLEDGERENTRIES.LIST>
              <LEDGERNAME>Cash</LEDGERNAME>
              <ISDEEMEDPOSITIVE>Yes</ISDEEMEDPOSITIVE>
              <AMOUNT>4592.18</AMOUNT>
            </ALLLEDGERENTRIES.LIST>
          </VOUCHER>
        </TALLYMESSAGE>
        <TALLYMESSAGE xmlns:UDF="TallyUDF">
          <VOUCHER VCHTYPE="Sales" ACTION="Create">
            <DATE>20250226</DATE>
            <DISPLAYDATE>26-02-2025</DISPLAYDATE>
            <PERSISTEDVIEW>Accounting Voucher View</PERSISTEDVIEW>
            <VOUCHERTYPENAME>Sales</VOUCHERTYPENAME>
            <VOUCHERNUMBER>SL-00241</VOUCHERNUMBER>
            <NARRATION>Sales entry generated for 2025-02-26</NARRATION>
            <ALLLEDGERENTRIES.LIST>
              <LEDGERNAME>Sales</LEDGERNAME>
              <ISDEEMEDPOSITIVE>No</ISDEEMEDPOSITIVE>
              <AMOUNT>-4511.94</AMOUNT>
            </ALLLEDGERENTRIES.LIST>
            <ALLLEDGERENTRIES.LIST>
              <LEDGERNAME>Cash</LEDGERNAME>
              <ISDEEMEDPOSITIVE>Yes</ISDEEMEDPOSITIVE>
              <AMOUNT>4511.94</AMOUNT>
            </ALLLEDGERENTRIES.LIST>
          </VOUCHER>
        </TALLYMESSAGE>
        <TALLYMESSAGE xmlns:UDF="TallyUDF">
          <VOUCHER VCHTYPE="Sales" ACTION="Create">
            <DATE>20250227</DATE>
            <DISPLAYDATE>27-02-2025</DISPLAYDATE>
            <PERSISTEDVIEW>Accounting Voucher View</PERSISTEDVIEW>
            <VOUCHERTYPENAME>Sales</VOUCHERTYPENAME>
            <VOUCHERNUMBER>SL-00242</VOUCHERNUMBER>
            <NARRATION>Sales entry generated for 2025-02-27</NARRATION>
            <ALLLEDGERENTRIES.LIST>
              <LEDGERNAME>Sales</LEDGERNAME>
              <ISDEEMEDPOSITIVE>No</ISDEEMEDPOSITIVE>
              <AMOUNT>-5093.81</AMOUNT>
            </ALLLEDGERENTRIES.LIST>
            <ALLLEDGERENTRIES.LIST>
              <LEDGERNAME>Cash</LEDGERNAME>
              <ISDEEMEDPOSITIVE>Yes</ISDEEMEDPOSITIVE>
              <AMOUNT>5093.81</AMOUNT>
            </ALLLEDGERENTRIES.LIST>
          </VOUCHER>
        </TALLYMESSAGE>
        <TALLYMESSAGE xmlns:UDF="TallyUDF">
          <VOUCHER VCHTYPE="Sales" ACTION="Create">
            <DATE>20250228</DATE>
            <DISPLAYDATE>28-02-2025</DISPLAYDATE>
            <PERSISTEDVIEW>Accounting Voucher View</PERSISTEDVIEW>
            <VOUCHERTYPENAME>Sales</VOUCHERTYPENAME>
            <VOUCHERNUMBER>SL-00243</VOUCHERNUMBER>
            <NARRATION>Sales entry generated for 2025-02-28</NARRATION>
            <ALLLEDGERENTRIES.LIST>
              <LEDGERNAME>Sales</LEDGERNAME>
              <ISDEEMEDPOSITIVE>No</ISDEEMEDPOSITIVE>
              <AMOUNT>-5403.19</AMOUNT>
            </ALLLEDGERENTRIES.LIST>
            <ALLLEDGERENTRIES.LIST>
              <LEDGERNAME>Cash</LEDGERNAME>
              <ISDEEMEDPOSITIVE>Yes</ISDEEMEDPOSITIVE>
              <AMOUNT>5403.19</AMOUNT>
            </ALLLEDGERENTRIES.LIST>
          </VOUCHER>
        </TALLYMESSAGE>
        <TALLYMESSAGE xmlns:UDF="TallyUDF">
          <VOUCHER VCHTYPE="Sales" ACTION="Create">
            <DATE>20250301</DATE>
            <DISPLAYDATE>01-03-2025</DISPLAYDATE>
            <PERSISTEDVIEW>Accounting Voucher View</PERSISTEDVIEW>
            <VOUCHERTYPENAME>Sales</VOUCHERTYPENAME>
            <VOUCHERNUMBER>SL-00244</VOUCHERNUMBER>
            <NARRATION>Sales entry generated for 2025-03-01</NARRATION>
            <ALLLEDGERENTRIES.LIST>
              <LEDGERNAME>Sales</LEDGERNAME>
              <ISDEEMEDPOSITIVE>No</ISDEEMEDPOSITIVE>
              <AMOUNT>-3211.45</AMOUNT>
            </ALLLEDGERENTRIES.LIST>
            <ALLLEDGERENTRIES.LIST>
              <LEDGERNAME>Cash</LEDGERNAME>
              <ISDEEMEDPOSITIVE>Yes</ISDEEMEDPOSITIVE>
              <AMOUNT>3211.45</AMOUNT>
            </ALLLEDGERENTRIES.LIST>
          </VOUCHER>
        </TALLYMESSAGE>
        <TALLYMESSAGE xmlns:UDF="TallyUDF">
          <VOUCHER VCHTYPE="Sales" ACTION="Create">
            <DATE>20250302</DATE>
            <DISPLAYDATE>02-03-2025</DISPLAYDATE>
            <PERSISTEDVIEW>Accounting Voucher View</PERSISTEDVIEW>
            <VOUCHERTYPENAME>Sales</VOUCHERTYPENAME>
            <VOUCHERNUMBER>SL-00245</VOUCHERNUMBER>
            <NARRATION>Sales entry generated for 2025-03-02</NARRATION>
            <ALLLEDGERENTRIES.LIST>
              <LEDGERNAME>Sales</LEDGERNAME>
              <ISDEEMEDPOSITIVE>No</ISDEEMEDPOSITIVE>
              <AMOUNT>-2593.89</AMOUNT>
            </ALLLEDGERENTRIES.LIST>
            <ALLLEDGERENTRIES.LIST>
              <LEDGERNAME>Cash</LEDGERNAME>
              <ISDEEMEDPOSITIVE>Yes</ISDEEMEDPOSITIVE>
              <AMOUNT>2593.89</AMOUNT>
            </ALLLEDGERENTRIES.LIST>
          </VOUCHER>
        </TALLYMESSAGE>
        <TALLYMESSAGE xmlns:UDF="TallyUDF">
          <VOUCHER VCHTYPE="Sales" ACTION="Create">
            <DATE>20250303</DATE>
            <DISPLAYDATE>03-03-2025</DISPLAYDATE>
            <PERSISTEDVIEW>Accounting Voucher View</PERSISTEDVIEW>
            <VOUCHERTYPENAME>Sales</VOUCHERTYPENAME>
            <VOUCHERNUMBER>SL-00246</VOUCHERNUMBER>
            <NARRATION>Sales entry generated for 2025-03-03</NARRATION>
            <ALLLEDGERENTRIES.LIST>
              <LEDGERNAME>Sales</LEDGERNAME>
              <ISDEEMEDPOSITIVE>No</ISDEEMEDPOSITIVE>
              <AMOUNT>-4126.34</AMOUNT>
            </ALLLEDGERENTRIES.LIST>
            <ALLLEDGERENTRIES.LIST>
              <LEDGERNAME>Cash</LEDGERNAME>
              <ISDEEMEDPOSITIVE>Yes</ISDEEMEDPOSITIVE>
              <AMOUNT>4126.34</AMOUNT>
            </ALLLEDGERENTRIES.LIST>
          </VOUCHER>
        </TALLYMESSAGE>
        <TALLYMESSAGE xmlns:UDF="TallyUDF">
          <VOUCHER VCHTYPE="Sales" ACTION="Create">
            <DATE>20250304</DATE>
            <DISPLAYDATE>04-03-2025</DISPLAYDATE>
            <PERSISTEDVIEW>Accounting Voucher View</PERSISTEDVIEW>
            <VOUCHERTYPENAME>Sales</VOUCHERTYPENAME>
            <VOUCHERNUMBER>SL-00247</VOUCHERNUMBER>
            <NARRATION>Sales entry generated for 2025-03-04</NARRATION>
            <ALLLEDGERENTRIES.LIST>
              <LEDGERNAME>Sales</LEDGERNAME>
              <ISDEEMEDPOSITIVE>No</ISDEEMEDPOSITIVE>
              <AMOUNT>-3528.46</AMOUNT>
            </ALLLEDGERENTRIES.LIST>
            <ALLLEDGERENTRIES.LIST>
              <LEDGERNAME>Cash</LEDGERNAME>
              <ISDEEMEDPOSITIVE>Yes</ISDEEMEDPOSITIVE>
              <AMOUNT>3528.46</AMOUNT>
            </ALLLEDGERENTRIES.LIST>
          </VOUCHER>
        </TALLYMESSAGE>
        <TALLYMESSAGE xmlns:UDF="TallyUDF">
          <VOUCHER VCHTYPE="Sales" ACTION="Create">
            <DATE>20250305</DATE>
            <DISPLAYDATE>05-03-2025</DISPLAYDATE>
            <PERSISTEDVIEW>Accounting Voucher View</PERSISTEDVIEW>
            <VOUCHERTYPENAME>Sales</VOUCHERTYPENAME>
            <VOUCHERNUMBER>SL-00248</VOUCHERNUMBER>
            <NARRATION>Sales entry generated for 2025-03-05</NARRATION>
            <ALLLEDGERENTRIES.LIST>
              <LEDGERNAME>Sales</LEDGERNAME>
              <ISDEEMEDPOSITIVE>No</ISDEEMEDPOSITIVE>
              <AMOUNT>-3542.25</AMOUNT>
            </ALLLEDGERENTRIES.LIST>
            <ALLLEDGERENTRIES.LIST>
              <LEDGERNAME>Cash</LEDGERNAME>
              <ISDEEMEDPOSITIVE>Yes</ISDEEMEDPOSITIVE>
              <AMOUNT>3542.25</AMOUNT>
            </ALLLEDGERENTRIES.LIST>
          </VOUCHER>
        </TALLYMESSAGE>
        <TALLYMESSAGE xmlns:UDF="TallyUDF">
          <VOUCHER VCHTYPE="Sales" ACTION="Create">
            <DATE>20250306</DATE>
            <DISPLAYDATE>06-03-2025</DISPLAYDATE>
            <PERSISTEDVIEW>Accounting Voucher View</PERSISTEDVIEW>
            <VOUCHERTYPENAME>Sales</VOUCHERTYPENAME>
            <VOUCHERNUMBER>SL-00249</VOUCHERNUMBER>
            <NARRATION>Sales entry generated for 2025-03-06</NARRATION>
            <ALLLEDGERENTRIES.LIST>
              <LEDGERNAME>Sales</LEDGERNAME>
              <ISDEEMEDPOSITIVE>No</ISDEEMEDPOSITIVE>
              <AMOUNT>-2944.62</AMOUNT>
            </ALLLEDGERENTRIES.LIST>
            <ALLLEDGERENTRIES.LIST>
              <LEDGERNAME>Cash</LEDGERNAME>
              <ISDEEMEDPOSITIVE>Yes</ISDEEMEDPOSITIVE>
              <AMOUNT>2944.62</AMOUNT>
            </ALLLEDGERENTRIES.LIST>
          </VOUCHER>
        </TALLYMESSAGE>
        <TALLYMESSAGE xmlns:UDF="TallyUDF">
          <VOUCHER VCHTYPE="Sales" ACTION="Create">
            <DATE>20250307</DATE>
            <DISPLAYDATE>07-03-2025</DISPLAYDATE>
            <PERSISTEDVIEW>Accounting Voucher View</PERSISTEDVIEW>
            <VOUCHERTYPENAME>Sales</VOUCHERTYPENAME>
            <VOUCHERNUMBER>SL-00250</VOUCHERNUMBER>
            <NARRATION>Sales entry generated for 2025-03-07</NARRATION>
            <ALLLEDGERENTRIES.LIST>
              <LEDGERNAME>Sales</LEDGERNAME>
              <ISDEEMEDPOSITIVE>No</ISDEEMEDPOSITIVE>
              <AMOUNT>-4076.43</AMOUNT>
            </ALLLEDGERENTRIES.LIST>
            <ALLLEDGERENTRIES.LIST>
              <LEDGERNAME>Cash</LEDGERNAME>
              <ISDEEMEDPOSITIVE>Yes</ISDEEMEDPOSITIVE>
              <AMOUNT>4076.43</AMOUNT>
            </ALLLEDGERENTRIES.LIST>
          </VOUCHER>
        </TALLYMESSAGE>
        <TALLYMESSAGE xmlns:UDF="TallyUDF">
          <VOUCHER VCHTYPE="Sales" ACTION="Create">
            <DATE>20250308</DATE>
            <DISPLAYDATE>08-03-2025</DISPLAYDATE>
            <PERSISTEDVIEW>Accounting Voucher View</PERSISTEDVIEW>
            <VOUCHERTYPENAME>Sales</VOUCHERTYPENAME>
            <VOUCHERNUMBER>SL-00251</VOUCHERNUMBER>
            <NARRATION>Sales entry generated for 2025-03-08</NARRATION>
            <ALLLEDGERENTRIES.LIST>
              <LEDGERNAME>Sales</LEDGERNAME>
              <ISDEEMEDPOSITIVE>No</ISDEEMEDPOSITIVE>
              <AMOUNT>-4354.20</AMOUNT>
            </ALLLEDGERENTRIES.LIST>
            <ALLLEDGERENTRIES.LIST>
              <LEDGERNAME>Cash</LEDGERNAME>
              <ISDEEMEDPOSITIVE>Yes</ISDEEMEDPOSITIVE>
              <AMOUNT>4354.20</AMOUNT>
            </ALLLEDGERENTRIES.LIST>
          </VOUCHER>
        </TALLYMESSAGE>
        <TALLYMESSAGE xmlns:UDF="TallyUDF">
          <VOUCHER VCHTYPE="Sales" ACTION="Create">
            <DATE>20250309</DATE>
            <DISPLAYDATE>09-03-2025</DISPLAYDATE>
            <PERSISTEDVIEW>Accounting Voucher View</PERSISTEDVIEW>
            <VOUCHERTYPENAME>Sales</VOUCHERTYPENAME>
            <VOUCHERNUMBER>SL-00252</VOUCHERNUMBER>
            <NARRATION>Sales entry generated for 2025-03-09</NARRATION>
            <ALLLEDGERENTRIES.LIST>
              <LEDGERNAME>Sales</LEDGERNAME>
              <ISDEEMEDPOSITIVE>No</ISDEEMEDPOSITIVE>
              <AMOUNT>-3236.80</AMOUNT>
            </ALLLEDGERENTRIES.LIST>
            <ALLLEDGERENTRIES.LIST>
              <LEDGERNAME>Cash</LEDGERNAME>
              <ISDEEMEDPOSITIVE>Yes</ISDEEMEDPOSITIVE>
              <AMOUNT>3236.80</AMOUNT>
            </ALLLEDGERENTRIES.LIST>
          </VOUCHER>
        </TALLYMESSAGE>
        <TALLYMESSAGE xmlns:UDF="TallyUDF">
          <VOUCHER VCHTYPE="Sales" ACTION="Create">
            <DATE>20250310</DATE>
            <DISPLAYDATE>10-03-2025</DISPLAYDATE>
            <PERSISTEDVIEW>Accounting Voucher View</PERSISTEDVIEW>
            <VOUCHERTYPENAME>Sales</VOUCHERTYPENAME>
            <VOUCHERNUMBER>SL-00253</VOUCHERNUMBER>
            <NARRATION>Sales entry generated for 2025-03-10</NARRATION>
            <ALLLEDGERENTRIES.LIST>
              <LEDGERNAME>Sales</LEDGERNAME>
              <ISDEEMEDPOSITIVE>No</ISDEEMEDPOSITIVE>
              <AMOUNT>-2610.16</AMOUNT>
            </ALLLEDGERENTRIES.LIST>
            <ALLLEDGERENTRIES.LIST>
              <LEDGERNAME>Cash</LEDGERNAME>
              <ISDEEMEDPOSITIVE>Yes</ISDEEMEDPOSITIVE>
              <AMOUNT>2610.16</AMOUNT>
            </ALLLEDGERENTRIES.LIST>
          </VOUCHER>
        </TALLYMESSAGE>
        <TALLYMESSAGE xmlns:UDF="TallyUDF">
          <VOUCHER VCHTYPE="Sales" ACTION="Create">
            <DATE>20250311</DATE>
            <DISPLAYDATE>11-03-2025</DISPLAYDATE>
            <PERSISTEDVIEW>Accounting Voucher View</PERSISTEDVIEW>
            <VOUCHERTYPENAME>Sales</VOUCHERTYPENAME>
            <VOUCHERNUMBER>SL-00254</VOUCHERNUMBER>
            <NARRATION>Sales entry generated for 2025-03-11</NARRATION>
            <ALLLEDGERENTRIES.LIST>
              <LEDGERNAME>Sales</LEDGERNAME>
              <ISDEEMEDPOSITIVE>No</ISDEEMEDPOSITIVE>
              <AMOUNT>-2991.28</AMOUNT>
            </ALLLEDGERENTRIES.LIST>
            <ALLLEDGERENTRIES.LIST>
              <LEDGERNAME>Cash</LEDGERNAME>
              <ISDEEMEDPOSITIVE>Yes</ISDEEMEDPOSITIVE>
              <AMOUNT>2991.28</AMOUNT>
            </ALLLEDGERENTRIES.LIST>
          </VOUCHER>
        </TALLYMESSAGE>
        <TALLYMESSAGE xmlns:UDF="TallyUDF">
          <VOUCHER VCHTYPE="Sales" ACTION="Create">
            <DATE>20250312</DATE>
            <DISPLAYDATE>12-03-2025</DISPLAYDATE>
            <PERSISTEDVIEW>Accounting Voucher View</PERSISTEDVIEW>
            <VOUCHERTYPENAME>Sales</VOUCHERTYPENAME>
            <VOUCHERNUMBER>SL-00255</VOUCHERNUMBER>
            <NARRATION>Sales entry generated for 2025-03-12</NARRATION>
            <ALLLEDGERENTRIES.LIST>
              <LEDGERNAME>Sales</LEDGERNAME>
              <ISDEEMEDPOSITIVE>No</ISDEEMEDPOSITIVE>
              <AMOUNT>-4253.92</AMOUNT>
            </ALLLEDGERENTRIES.LIST>
            <ALLLEDGERENTRIES.LIST>
              <LEDGERNAME>Cash</LEDGERNAME>
              <ISDEEMEDPOSITIVE>Yes</ISDEEMEDPOSITIVE>
              <AMOUNT>4253.92</AMOUNT>
            </ALLLEDGERENTRIES.LIST>
          </VOUCHER>
        </TALLYMESSAGE>
        <TALLYMESSAGE xmlns:UDF="TallyUDF">
          <VOUCHER VCHTYPE="Sales" ACTION="Create">
            <DATE>20250313</DATE>
            <DISPLAYDATE>13-03-2025</DISPLAYDATE>
            <PERSISTEDVIEW>Accounting Voucher View</PERSISTEDVIEW>
            <VOUCHERTYPENAME>Sales</VOUCHERTYPENAME>
            <VOUCHERNUMBER>SL-00256</VOUCHERNUMBER>
            <NARRATION>Sales entry generated for 2025-03-13</NARRATION>
            <ALLLEDGERENTRIES.LIST>
              <LEDGERNAME>Sales</LEDGERNAME>
              <ISDEEMEDPOSITIVE>No</ISDEEMEDPOSITIVE>
              <AMOUNT>-2679.55</AMOUNT>
            </ALLLEDGERENTRIES.LIST>
            <ALLLEDGERENTRIES.LIST>
              <LEDGERNAME>Cash</LEDGERNAME>
              <ISDEEMEDPOSITIVE>Yes</ISDEEMEDPOSITIVE>
              <AMOUNT>2679.55</AMOUNT>
            </ALLLEDGERENTRIES.LIST>
          </VOUCHER>
        </TALLYMESSAGE>
        <TALLYMESSAGE xmlns:UDF="TallyUDF">
          <VOUCHER VCHTYPE="Sales" ACTION="Create">
            <DATE>20250314</DATE>
            <DISPLAYDATE>14-03-2025</DISPLAYDATE>
            <PERSISTEDVIEW>Accounting Voucher View</PERSISTEDVIEW>
            <VOUCHERTYPENAME>Sales</VOUCHERTYPENAME>
            <VOUCHERNUMBER>SL-00257</VOUCHERNUMBER>
            <NARRATION>Sales entry generated for 2025-03-14</NARRATION>
            <ALLLEDGERENTRIES.LIST>
              <LEDGERNAME>Sales</LEDGERNAME>
              <ISDEEMEDPOSITIVE>No</ISDEEMEDPOSITIVE>
              <AMOUNT>-4491.02</AMOUNT>
            </ALLLEDGERENTRIES.LIST>
            <ALLLEDGERENTRIES.LIST>
              <LEDGERNAME>Cash</LEDGERNAME>
              <ISDEEMEDPOSITIVE>Yes</ISDEEMEDPOSITIVE>
              <AMOUNT>4491.02</AMOUNT>
            </ALLLEDGERENTRIES.LIST>
          </VOUCHER>
        </TALLYMESSAGE>
        <TALLYMESSAGE xmlns:UDF="TallyUDF">
          <VOUCHER VCHTYPE="Sales" ACTION="Create">
            <DATE>20250315</DATE>
            <DISPLAYDATE>15-03-2025</DISPLAYDATE>
            <PERSISTEDVIEW>Accounting Voucher View</PERSISTEDVIEW>
            <VOUCHERTYPENAME>Sales</VOUCHERTYPENAME>
            <VOUCHERNUMBER>SL-00258</VOUCHERNUMBER>
            <NARRATION>Sales entry generated for 2025-03-15</NARRATION>
            <ALLLEDGERENTRIES.LIST>
              <LEDGERNAME>Sales</LEDGERNAME>
              <ISDEEMEDPOSITIVE>No</ISDEEMEDPOSITIVE>
              <AMOUNT>-3597.94</AMOUNT>
            </ALLLEDGERENTRIES.LIST>
            <ALLLEDGERENTRIES.LIST>
              <LEDGERNAME>Cash</LEDGERNAME>
              <ISDEEMEDPOSITIVE>Yes</ISDEEMEDPOSITIVE>
              <AMOUNT>3597.94</AMOUNT>
            </ALLLEDGERENTRIES.LIST>
          </VOUCHER>
        </TALLYMESSAGE>
        <TALLYMESSAGE xmlns:UDF="TallyUDF">
          <VOUCHER VCHTYPE="Sales" ACTION="Create">
            <DATE>20250316</DATE>
            <DISPLAYDATE>16-03-2025</DISPLAYDATE>
            <PERSISTEDVIEW>Accounting Voucher View</PERSISTEDVIEW>
            <VOUCHERTYPENAME>Sales</VOUCHERTYPENAME>
            <VOUCHERNUMBER>SL-00259</VOUCHERNUMBER>
            <NARRATION>Sales entry generated for 2025-03-16</NARRATION>
            <ALLLEDGERENTRIES.LIST>
              <LEDGERNAME>Sales</LEDGERNAME>
              <ISDEEMEDPOSITIVE>No</ISDEEMEDPOSITIVE>
              <AMOUNT>-3922.85</AMOUNT>
            </ALLLEDGERENTRIES.LIST>
            <ALLLEDGERENTRIES.LIST>
              <LEDGERNAME>Cash</LEDGERNAME>
              <ISDEEMEDPOSITIVE>Yes</ISDEEMEDPOSITIVE>
              <AMOUNT>3922.85</AMOUNT>
            </ALLLEDGERENTRIES.LIST>
          </VOUCHER>
        </TALLYMESSAGE>
        <TALLYMESSAGE xmlns:UDF="TallyUDF">
          <VOUCHER VCHTYPE="Sales" ACTION="Create">
            <DATE>20250317</DATE>
            <DISPLAYDATE>17-03-2025</DISPLAYDATE>
            <PERSISTEDVIEW>Accounting Voucher View</PERSISTEDVIEW>
            <VOUCHERTYPENAME>Sales</VOUCHERTYPENAME>
            <VOUCHERNUMBER>SL-00260</VOUCHERNUMBER>
            <NARRATION>Sales entry generated for 2025-03-17</NARRATION>
            <ALLLEDGERENTRIES.LIST>
              <LEDGERNAME>Sales</LEDGERNAME>
              <ISDEEMEDPOSITIVE>No</ISDEEMEDPOSITIVE>
              <AMOUNT>-3594.69</AMOUNT>
            </ALLLEDGERENTRIES.LIST>
            <ALLLEDGERENTRIES.LIST>
              <LEDGERNAME>Cash</LEDGERNAME>
              <ISDEEMEDPOSITIVE>Yes</ISDEEMEDPOSITIVE>
              <AMOUNT>3594.69</AMOUNT>
            </ALLLEDGERENTRIES.LIST>
          </VOUCHER>
        </TALLYMESSAGE>
        <TALLYMESSAGE xmlns:UDF="TallyUDF">
          <VOUCHER VCHTYPE="Sales" ACTION="Create">
            <DATE>20250318</DATE>
            <DISPLAYDATE>18-03-2025</DISPLAYDATE>
            <PERSISTEDVIEW>Accounting Voucher View</PERSISTEDVIEW>
            <VOUCHERTYPENAME>Sales</VOUCHERTYPENAME>
            <VOUCHERNUMBER>SL-00261</VOUCHERNUMBER>
            <NARRATION>Sales entry generated for 2025-03-18</NARRATION>
            <ALLLEDGERENTRIES.LIST>
              <LEDGERNAME>Sales</LEDGERNAME>
              <ISDEEMEDPOSITIVE>No</ISDEEMEDPOSITIVE>
              <AMOUNT>-3772.44</AMOUNT>
            </ALLLEDGERENTRIES.LIST>
            <ALLLEDGERENTRIES.LIST>
              <LEDGERNAME>Cash</LEDGERNAME>
              <ISDEEMEDPOSITIVE>Yes</ISDEEMEDPOSITIVE>
              <AMOUNT>3772.44</AMOUNT>
            </ALLLEDGERENTRIES.LIST>
          </VOUCHER>
        </TALLYMESSAGE>
        <TALLYMESSAGE xmlns:UDF="TallyUDF">
          <VOUCHER VCHTYPE="Sales" ACTION="Create">
            <DATE>20250319</DATE>
            <DISPLAYDATE>19-03-2025</DISPLAYDATE>
            <PERSISTEDVIEW>Accounting Voucher View</PERSISTEDVIEW>
            <VOUCHERTYPENAME>Sales</VOUCHERTYPENAME>
            <VOUCHERNUMBER>SL-00262</VOUCHERNUMBER>
            <NARRATION>Sales entry generated for 2025-03-19</NARRATION>
            <ALLLEDGERENTRIES.LIST>
              <LEDGERNAME>Sales</LEDGERNAME>
              <ISDEEMEDPOSITIVE>No</ISDEEMEDPOSITIVE>
              <AMOUNT>-4545.76</AMOUNT>
            </ALLLEDGERENTRIES.LIST>
            <ALLLEDGERENTRIES.LIST>
              <LEDGERNAME>Cash</LEDGERNAME>
              <ISDEEMEDPOSITIVE>Yes</ISDEEMEDPOSITIVE>
              <AMOUNT>4545.76</AMOUNT>
            </ALLLEDGERENTRIES.LIST>
          </VOUCHER>
        </TALLYMESSAGE>
        <TALLYMESSAGE xmlns:UDF="TallyUDF">
          <VOUCHER VCHTYPE="Sales" ACTION="Create">
            <DATE>20250320</DATE>
            <DISPLAYDATE>20-03-2025</DISPLAYDATE>
            <PERSISTEDVIEW>Accounting Voucher View</PERSISTEDVIEW>
            <VOUCHERTYPENAME>Sales</VOUCHERTYPENAME>
            <VOUCHERNUMBER>SL-00263</VOUCHERNUMBER>
            <NARRATION>Sales entry generated for 2025-03-20</NARRATION>
            <ALLLEDGERENTRIES.LIST>
              <LEDGERNAME>Sales</LEDGERNAME>
              <ISDEEMEDPOSITIVE>No</ISDEEMEDPOSITIVE>
              <AMOUNT>-3386.97</AMOUNT>
            </ALLLEDGERENTRIES.LIST>
            <ALLLEDGERENTRIES.LIST>
              <LEDGERNAME>Cash</LEDGERNAME>
              <ISDEEMEDPOSITIVE>Yes</ISDEEMEDPOSITIVE>
              <AMOUNT>3386.97</AMOUNT>
            </ALLLEDGERENTRIES.LIST>
          </VOUCHER>
        </TALLYMESSAGE>
        <TALLYMESSAGE xmlns:UDF="TallyUDF">
          <VOUCHER VCHTYPE="Sales" ACTION="Create">
            <DATE>20250321</DATE>
            <DISPLAYDATE>21-03-2025</DISPLAYDATE>
            <PERSISTEDVIEW>Accounting Voucher View</PERSISTEDVIEW>
            <VOUCHERTYPENAME>Sales</VOUCHERTYPENAME>
            <VOUCHERNUMBER>SL-00264</VOUCHERNUMBER>
            <NARRATION>Sales entry generated for 2025-03-21</NARRATION>
            <ALLLEDGERENTRIES.LIST>
              <LEDGERNAME>Sales</LEDGERNAME>
              <ISDEEMEDPOSITIVE>No</ISDEEMEDPOSITIVE>
              <AMOUNT>-4551.65</AMOUNT>
            </ALLLEDGERENTRIES.LIST>
            <ALLLEDGERENTRIES.LIST>
              <LEDGERNAME>Cash</LEDGERNAME>
              <ISDEEMEDPOSITIVE>Yes</ISDEEMEDPOSITIVE>
              <AMOUNT>4551.65</AMOUNT>
            </ALLLEDGERENTRIES.LIST>
          </VOUCHER>
        </TALLYMESSAGE>
        <TALLYMESSAGE xmlns:UDF="TallyUDF">
          <VOUCHER VCHTYPE="Sales" ACTION="Create">
            <DATE>20250322</DATE>
            <DISPLAYDATE>22-03-2025</DISPLAYDATE>
            <PERSISTEDVIEW>Accounting Voucher View</PERSISTEDVIEW>
            <VOUCHERTYPENAME>Sales</VOUCHERTYPENAME>
            <VOUCHERNUMBER>SL-00265</VOUCHERNUMBER>
            <NARRATION>Sales entry generated for 2025-03-22</NARRATION>
            <ALLLEDGERENTRIES.LIST>
              <LEDGERNAME>Sales</LEDGERNAME>
              <ISDEEMEDPOSITIVE>No</ISDEEMEDPOSITIVE>
              <AMOUNT>-2888.24</AMOUNT>
            </ALLLEDGERENTRIES.LIST>
            <ALLLEDGERENTRIES.LIST>
              <LEDGERNAME>Cash</LEDGERNAME>
              <ISDEEMEDPOSITIVE>Yes</ISDEEMEDPOSITIVE>
              <AMOUNT>2888.24</AMOUNT>
            </ALLLEDGERENTRIES.LIST>
          </VOUCHER>
        </TALLYMESSAGE>
        <TALLYMESSAGE xmlns:UDF="TallyUDF">
          <VOUCHER VCHTYPE="Sales" ACTION="Create">
            <DATE>20250323</DATE>
            <DISPLAYDATE>23-03-2025</DISPLAYDATE>
            <PERSISTEDVIEW>Accounting Voucher View</PERSISTEDVIEW>
            <VOUCHERTYPENAME>Sales</VOUCHERTYPENAME>
            <VOUCHERNUMBER>SL-00266</VOUCHERNUMBER>
            <NARRATION>Sales entry generated for 2025-03-23</NARRATION>
            <ALLLEDGERENTRIES.LIST>
              <LEDGERNAME>Sales</LEDGERNAME>
              <ISDEEMEDPOSITIVE>No</ISDEEMEDPOSITIVE>
              <AMOUNT>-3923.08</AMOUNT>
            </ALLLEDGERENTRIES.LIST>
            <ALLLEDGERENTRIES.LIST>
              <LEDGERNAME>Cash</LEDGERNAME>
              <ISDEEMEDPOSITIVE>Yes</ISDEEMEDPOSITIVE>
              <AMOUNT>3923.08</AMOUNT>
            </ALLLEDGERENTRIES.LIST>
          </VOUCHER>
        </TALLYMESSAGE>
        <TALLYMESSAGE xmlns:UDF="TallyUDF">
          <VOUCHER VCHTYPE="Sales" ACTION="Create">
            <DATE>20250324</DATE>
            <DISPLAYDATE>24-03-2025</DISPLAYDATE>
            <PERSISTEDVIEW>Accounting Voucher View</PERSISTEDVIEW>
            <VOUCHERTYPENAME>Sales</VOUCHERTYPENAME>
            <VOUCHERNUMBER>SL-00267</VOUCHERNUMBER>
            <NARRATION>Sales entry generated for 2025-03-24</NARRATION>
            <ALLLEDGERENTRIES.LIST>
              <LEDGERNAME>Sales</LEDGERNAME>
              <ISDEEMEDPOSITIVE>No</ISDEEMEDPOSITIVE>
              <AMOUNT>-3281.62</AMOUNT>
            </ALLLEDGERENTRIES.LIST>
            <ALLLEDGERENTRIES.LIST>
              <LEDGERNAME>Cash</LEDGERNAME>
              <ISDEEMEDPOSITIVE>Yes</ISDEEMEDPOSITIVE>
              <AMOUNT>3281.62</AMOUNT>
            </ALLLEDGERENTRIES.LIST>
          </VOUCHER>
        </TALLYMESSAGE>
        <TALLYMESSAGE xmlns:UDF="TallyUDF">
          <VOUCHER VCHTYPE="Sales" ACTION="Create">
            <DATE>20250325</DATE>
            <DISPLAYDATE>25-03-2025</DISPLAYDATE>
            <PERSISTEDVIEW>Accounting Voucher View</PERSISTEDVIEW>
            <VOUCHERTYPENAME>Sales</VOUCHERTYPENAME>
            <VOUCHERNUMBER>SL-00268</VOUCHERNUMBER>
            <NARRATION>Sales entry generated for 2025-03-25</NARRATION>
            <ALLLEDGERENTRIES.LIST>
              <LEDGERNAME>Sales</LEDGERNAME>
              <ISDEEMEDPOSITIVE>No</ISDEEMEDPOSITIVE>
              <AMOUNT>-2540.01</AMOUNT>
            </ALLLEDGERENTRIES.LIST>
            <ALLLEDGERENTRIES.LIST>
              <LEDGERNAME>Cash</LEDGERNAME>
              <ISDEEMEDPOSITIVE>Yes</ISDEEMEDPOSITIVE>
              <AMOUNT>2540.01</AMOUNT>
            </ALLLEDGERENTRIES.LIST>
          </VOUCHER>
        </TALLYMESSAGE>
        <TALLYMESSAGE xmlns:UDF="TallyUDF">
          <VOUCHER VCHTYPE="Sales" ACTION="Create">
            <DATE>20250326</DATE>
            <DISPLAYDATE>26-03-2025</DISPLAYDATE>
            <PERSISTEDVIEW>Accounting Voucher View</PERSISTEDVIEW>
            <VOUCHERTYPENAME>Sales</VOUCHERTYPENAME>
            <VOUCHERNUMBER>SL-00269</VOUCHERNUMBER>
            <NARRATION>Sales entry generated for 2025-03-26</NARRATION>
            <ALLLEDGERENTRIES.LIST>
              <LEDGERNAME>Sales</LEDGERNAME>
              <ISDEEMEDPOSITIVE>No</ISDEEMEDPOSITIVE>
              <AMOUNT>-2818.47</AMOUNT>
            </ALLLEDGERENTRIES.LIST>
            <ALLLEDGERENTRIES.LIST>
              <LEDGERNAME>Cash</LEDGERNAME>
              <ISDEEMEDPOSITIVE>Yes</ISDEEMEDPOSITIVE>
              <AMOUNT>2818.47</AMOUNT>
            </ALLLEDGERENTRIES.LIST>
          </VOUCHER>
        </TALLYMESSAGE>
        <TALLYMESSAGE xmlns:UDF="TallyUDF">
          <VOUCHER VCHTYPE="Sales" ACTION="Create">
            <DATE>20250327</DATE>
            <DISPLAYDATE>27-03-2025</DISPLAYDATE>
            <PERSISTEDVIEW>Accounting Voucher View</PERSISTEDVIEW>
            <VOUCHERTYPENAME>Sales</VOUCHERTYPENAME>
            <VOUCHERNUMBER>SL-00270</VOUCHERNUMBER>
            <NARRATION>Sales entry generated for 2025-03-27</NARRATION>
            <ALLLEDGERENTRIES.LIST>
              <LEDGERNAME>Sales</LEDGERNAME>
              <ISDEEMEDPOSITIVE>No</ISDEEMEDPOSITIVE>
              <AMOUNT>-3094.51</AMOUNT>
            </ALLLEDGERENTRIES.LIST>
            <ALLLEDGERENTRIES.LIST>
              <LEDGERNAME>Cash</LEDGERNAME>
              <ISDEEMEDPOSITIVE>Yes</ISDEEMEDPOSITIVE>
              <AMOUNT>3094.51</AMOUNT>
            </ALLLEDGERENTRIES.LIST>
          </VOUCHER>
        </TALLYMESSAGE>
        <TALLYMESSAGE xmlns:UDF="TallyUDF">
          <VOUCHER VCHTYPE="Sales" ACTION="Create">
            <DATE>20250328</DATE>
            <DISPLAYDATE>28-03-2025</DISPLAYDATE>
            <PERSISTEDVIEW>Accounting Voucher View</PERSISTEDVIEW>
            <VOUCHERTYPENAME>Sales</VOUCHERTYPENAME>
            <VOUCHERNUMBER>SL-00271</VOUCHERNUMBER>
            <NARRATION>Sales entry generated for 2025-03-28</NARRATION>
            <ALLLEDGERENTRIES.LIST>
              <LEDGERNAME>Sales</LEDGERNAME>
              <ISDEEMEDPOSITIVE>No</ISDEEMEDPOSITIVE>
              <AMOUNT>-3078.12</AMOUNT>
            </ALLLEDGERENTRIES.LIST>
            <ALLLEDGERENTRIES.LIST>
              <LEDGERNAME>Cash</LEDGERNAME>
              <ISDEEMEDPOSITIVE>Yes</ISDEEMEDPOSITIVE>
              <AMOUNT>3078.12</AMOUNT>
            </ALLLEDGERENTRIES.LIST>
          </VOUCHER>
        </TALLYMESSAGE>
        <TALLYMESSAGE xmlns:UDF="TallyUDF">
          <VOUCHER VCHTYPE="Sales" ACTION="Create">
            <DATE>20250329</DATE>
            <DISPLAYDATE>29-03-2025</DISPLAYDATE>
            <PERSISTEDVIEW>Accounting Voucher View</PERSISTEDVIEW>
            <VOUCHERTYPENAME>Sales</VOUCHERTYPENAME>
            <VOUCHERNUMBER>SL-00272</VOUCHERNUMBER>
            <NARRATION>Sales entry generated for 2025-03-29</NARRATION>
            <ALLLEDGERENTRIES.LIST>
              <LEDGERNAME>Sales</LEDGERNAME>
              <ISDEEMEDPOSITIVE>No</ISDEEMEDPOSITIVE>
              <AMOUNT>-3164.60</AMOUNT>
            </ALLLEDGERENTRIES.LIST>
            <ALLLEDGERENTRIES.LIST>
              <LEDGERNAME>Cash</LEDGERNAME>
              <ISDEEMEDPOSITIVE>Yes</ISDEEMEDPOSITIVE>
              <AMOUNT>3164.60</AMOUNT>
            </ALLLEDGERENTRIES.LIST>
          </VOUCHER>
        </TALLYMESSAGE>
        <TALLYMESSAGE xmlns:UDF="TallyUDF">
          <VOUCHER VCHTYPE="Sales" ACTION="Create">
            <DATE>20250330</DATE>
            <DISPLAYDATE>30-03-2025</DISPLAYDATE>
            <PERSISTEDVIEW>Accounting Voucher View</PERSISTEDVIEW>
            <VOUCHERTYPENAME>Sales</VOUCHERTYPENAME>
            <VOUCHERNUMBER>SL-00273</VOUCHERNUMBER>
            <NARRATION>Sales entry generated for 2025-03-30</NARRATION>
            <ALLLEDGERENTRIES.LIST>
              <LEDGERNAME>Sales</LEDGERNAME>
              <ISDEEMEDPOSITIVE>No</ISDEEMEDPOSITIVE>
              <AMOUNT>-4091.56</AMOUNT>
            </ALLLEDGERENTRIES.LIST>
            <ALLLEDGERENTRIES.LIST>
              <LEDGERNAME>Cash</LEDGERNAME>
              <ISDEEMEDPOSITIVE>Yes</ISDEEMEDPOSITIVE>
              <AMOUNT>4091.56</AMOUNT>
            </ALLLEDGERENTRIES.LIST>
          </VOUCHER>
        </TALLYMESSAGE>
        <TALLYMESSAGE xmlns:UDF="TallyUDF">
          <VOUCHER VCHTYPE="Sales" ACTION="Create">
            <DATE>20250331</DATE>
            <DISPLAYDATE>31-03-2025</DISPLAYDATE>
            <PERSISTEDVIEW>Accounting Voucher View</PERSISTEDVIEW>
            <VOUCHERTYPENAME>Sales</VOUCHERTYPENAME>
            <VOUCHERNUMBER>SL-00274</VOUCHERNUMBER>
            <NARRATION>Sales entry generated for 2025-03-31</NARRATION>
            <ALLLEDGERENTRIES.LIST>
              <LEDGERNAME>Sales</LEDGERNAME>
              <ISDEEMEDPOSITIVE>No</ISDEEMEDPOSITIVE>
              <AMOUNT>-3107.12</AMOUNT>
            </ALLLEDGERENTRIES.LIST>
            <ALLLEDGERENTRIES.LIST>
              <LEDGERNAME>Cash</LEDGERNAME>
              <ISDEEMEDPOSITIVE>Yes</ISDEEMEDPOSITIVE>
              <AMOUNT>3107.12</AMOUNT>
            </ALLLEDGERENTRIES.LIST>
          </VOUCHER>
        </TALLYMESSAGE>
        <TALLYMESSAGE xmlns:UDF="TallyUDF">
          <VOUCHER VCHTYPE="Sales" ACTION="Create">
            <DATE>20250401</DATE>
            <DISPLAYDATE>01-04-2025</DISPLAYDATE>
            <PERSISTEDVIEW>Accounting Voucher View</PERSISTEDVIEW>
            <VOUCHERTYPENAME>Sales</VOUCHERTYPENAME>
            <VOUCHERNUMBER>SL-00275</VOUCHERNUMBER>
            <NARRATION>Sales entry generated for 2025-04-01</NARRATION>
            <ALLLEDGERENTRIES.LIST>
              <LEDGERNAME>Sales</LEDGERNAME>
              <ISDEEMEDPOSITIVE>No</ISDEEMEDPOSITIVE>
              <AMOUNT>-4045.11</AMOUNT>
            </ALLLEDGERENTRIES.LIST>
            <ALLLEDGERENTRIES.LIST>
              <LEDGERNAME>Cash</LEDGERNAME>
              <ISDEEMEDPOSITIVE>Yes</ISDEEMEDPOSITIVE>
              <AMOUNT>4045.11</AMOUNT>
            </ALLLEDGERENTRIES.LIST>
          </VOUCHER>
        </TALLYMESSAGE>
        <TALLYMESSAGE xmlns:UDF="TallyUDF">
          <VOUCHER VCHTYPE="Sales" ACTION="Create">
            <DATE>20250402</DATE>
            <DISPLAYDATE>02-04-2025</DISPLAYDATE>
            <PERSISTEDVIEW>Accounting Voucher View</PERSISTEDVIEW>
            <VOUCHERTYPENAME>Sales</VOUCHERTYPENAME>
            <VOUCHERNUMBER>SL-00276</VOUCHERNUMBER>
            <NARRATION>Sales entry generated for 2025-04-02</NARRATION>
            <ALLLEDGERENTRIES.LIST>
              <LEDGERNAME>Sales</LEDGERNAME>
              <ISDEEMEDPOSITIVE>No</ISDEEMEDPOSITIVE>
              <AMOUNT>-2910.77</AMOUNT>
            </ALLLEDGERENTRIES.LIST>
            <ALLLEDGERENTRIES.LIST>
              <LEDGERNAME>Cash</LEDGERNAME>
              <ISDEEMEDPOSITIVE>Yes</ISDEEMEDPOSITIVE>
              <AMOUNT>2910.77</AMOUNT>
            </ALLLEDGERENTRIES.LIST>
          </VOUCHER>
        </TALLYMESSAGE>
        <TALLYMESSAGE xmlns:UDF="TallyUDF">
          <VOUCHER VCHTYPE="Sales" ACTION="Create">
            <DATE>20250403</DATE>
            <DISPLAYDATE>03-04-2025</DISPLAYDATE>
            <PERSISTEDVIEW>Accounting Voucher View</PERSISTEDVIEW>
            <VOUCHERTYPENAME>Sales</VOUCHERTYPENAME>
            <VOUCHERNUMBER>SL-00277</VOUCHERNUMBER>
            <NARRATION>Sales entry generated for 2025-04-03</NARRATION>
            <ALLLEDGERENTRIES.LIST>
              <LEDGERNAME>Sales</LEDGERNAME>
              <ISDEEMEDPOSITIVE>No</ISDEEMEDPOSITIVE>
              <AMOUNT>-3563.10</AMOUNT>
            </ALLLEDGERENTRIES.LIST>
            <ALLLEDGERENTRIES.LIST>
              <LEDGERNAME>Cash</LEDGERNAME>
              <ISDEEMEDPOSITIVE>Yes</ISDEEMEDPOSITIVE>
              <AMOUNT>3563.10</AMOUNT>
            </ALLLEDGERENTRIES.LIST>
          </VOUCHER>
        </TALLYMESSAGE>
        <TALLYMESSAGE xmlns:UDF="TallyUDF">
          <VOUCHER VCHTYPE="Sales" ACTION="Create">
            <DATE>20250404</DATE>
            <DISPLAYDATE>04-04-2025</DISPLAYDATE>
            <PERSISTEDVIEW>Accounting Voucher View</PERSISTEDVIEW>
            <VOUCHERTYPENAME>Sales</VOUCHERTYPENAME>
            <VOUCHERNUMBER>SL-00278</VOUCHERNUMBER>
            <NARRATION>Sales entry generated for 2025-04-04</NARRATION>
            <ALLLEDGERENTRIES.LIST>
              <LEDGERNAME>Sales</LEDGERNAME>
              <ISDEEMEDPOSITIVE>No</ISDEEMEDPOSITIVE>
              <AMOUNT>-2435.00</AMOUNT>
            </ALLLEDGERENTRIES.LIST>
            <ALLLEDGERENTRIES.LIST>
              <LEDGERNAME>Cash</LEDGERNAME>
              <ISDEEMEDPOSITIVE>Yes</ISDEEMEDPOSITIVE>
              <AMOUNT>2435.00</AMOUNT>
            </ALLLEDGERENTRIES.LIST>
          </VOUCHER>
        </TALLYMESSAGE>
        <TALLYMESSAGE xmlns:UDF="TallyUDF">
          <VOUCHER VCHTYPE="Sales" ACTION="Create">
            <DATE>20250405</DATE>
            <DISPLAYDATE>05-04-2025</DISPLAYDATE>
            <PERSISTEDVIEW>Accounting Voucher View</PERSISTEDVIEW>
            <VOUCHERTYPENAME>Sales</VOUCHERTYPENAME>
            <VOUCHERNUMBER>SL-00279</VOUCHERNUMBER>
            <NARRATION>Sales entry generated for 2025-04-05</NARRATION>
            <ALLLEDGERENTRIES.LIST>
              <LEDGERNAME>Sales</LEDGERNAME>
              <ISDEEMEDPOSITIVE>No</ISDEEMEDPOSITIVE>
              <AMOUNT>-2505.82</AMOUNT>
            </ALLLEDGERENTRIES.LIST>
            <ALLLEDGERENTRIES.LIST>
              <LEDGERNAME>Cash</LEDGERNAME>
              <ISDEEMEDPOSITIVE>Yes</ISDEEMEDPOSITIVE>
              <AMOUNT>2505.82</AMOUNT>
            </ALLLEDGERENTRIES.LIST>
          </VOUCHER>
        </TALLYMESSAGE>
        <TALLYMESSAGE xmlns:UDF="TallyUDF">
          <VOUCHER VCHTYPE="Sales" ACTION="Create">
            <DATE>20250406</DATE>
            <DISPLAYDATE>06-04-2025</DISPLAYDATE>
            <PERSISTEDVIEW>Accounting Voucher View</PERSISTEDVIEW>
            <VOUCHERTYPENAME>Sales</VOUCHERTYPENAME>
            <VOUCHERNUMBER>SL-00280</VOUCHERNUMBER>
            <NARRATION>Sales entry generated for 2025-04-06</NARRATION>
            <ALLLEDGERENTRIES.LIST>
              <LEDGERNAME>Sales</LEDGERNAME>
              <ISDEEMEDPOSITIVE>No</ISDEEMEDPOSITIVE>
              <AMOUNT>-3507.07</AMOUNT>
            </ALLLEDGERENTRIES.LIST>
            <ALLLEDGERENTRIES.LIST>
              <LEDGERNAME>Cash</LEDGERNAME>
              <ISDEEMEDPOSITIVE>Yes</ISDEEMEDPOSITIVE>
              <AMOUNT>3507.07</AMOUNT>
            </ALLLEDGERENTRIES.LIST>
          </VOUCHER>
        </TALLYMESSAGE>
        <TALLYMESSAGE xmlns:UDF="TallyUDF">
          <VOUCHER VCHTYPE="Sales" ACTION="Create">
            <DATE>20250407</DATE>
            <DISPLAYDATE>07-04-2025</DISPLAYDATE>
            <PERSISTEDVIEW>Accounting Voucher View</PERSISTEDVIEW>
            <VOUCHERTYPENAME>Sales</VOUCHERTYPENAME>
            <VOUCHERNUMBER>SL-00281</VOUCHERNUMBER>
            <NARRATION>Sales entry generated for 2025-04-07</NARRATION>
            <ALLLEDGERENTRIES.LIST>
              <LEDGERNAME>Sales</LEDGERNAME>
              <ISDEEMEDPOSITIVE>No</ISDEEMEDPOSITIVE>
              <AMOUNT>-3873.51</AMOUNT>
            </ALLLEDGERENTRIES.LIST>
            <ALLLEDGERENTRIES.LIST>
              <LEDGERNAME>Cash</LEDGERNAME>
              <ISDEEMEDPOSITIVE>Yes</ISDEEMEDPOSITIVE>
              <AMOUNT>3873.51</AMOUNT>
            </ALLLEDGERENTRIES.LIST>
          </VOUCHER>
        </TALLYMESSAGE>
        <TALLYMESSAGE xmlns:UDF="TallyUDF">
          <VOUCHER VCHTYPE="Sales" ACTION="Create">
            <DATE>20250408</DATE>
            <DISPLAYDATE>08-04-2025</DISPLAYDATE>
            <PERSISTEDVIEW>Accounting Voucher View</PERSISTEDVIEW>
            <VOUCHERTYPENAME>Sales</VOUCHERTYPENAME>
            <VOUCHERNUMBER>SL-00282</VOUCHERNUMBER>
            <NARRATION>Sales entry generated for 2025-04-08</NARRATION>
            <ALLLEDGERENTRIES.LIST>
              <LEDGERNAME>Sales</LEDGERNAME>
              <ISDEEMEDPOSITIVE>No</ISDEEMEDPOSITIVE>
              <AMOUNT>-2920.30</AMOUNT>
            </ALLLEDGERENTRIES.LIST>
            <ALLLEDGERENTRIES.LIST>
              <LEDGERNAME>Cash</LEDGERNAME>
              <ISDEEMEDPOSITIVE>Yes</ISDEEMEDPOSITIVE>
              <AMOUNT>2920.30</AMOUNT>
            </ALLLEDGERENTRIES.LIST>
          </VOUCHER>
        </TALLYMESSAGE>
        <TALLYMESSAGE xmlns:UDF="TallyUDF">
          <VOUCHER VCHTYPE="Sales" ACTION="Create">
            <DATE>20250409</DATE>
            <DISPLAYDATE>09-04-2025</DISPLAYDATE>
            <PERSISTEDVIEW>Accounting Voucher View</PERSISTEDVIEW>
            <VOUCHERTYPENAME>Sales</VOUCHERTYPENAME>
            <VOUCHERNUMBER>SL-00283</VOUCHERNUMBER>
            <NARRATION>Sales entry generated for 2025-04-09</NARRATION>
            <ALLLEDGERENTRIES.LIST>
              <LEDGERNAME>Sales</LEDGERNAME>
              <ISDEEMEDPOSITIVE>No</ISDEEMEDPOSITIVE>
              <AMOUNT>-3720.44</AMOUNT>
            </ALLLEDGERENTRIES.LIST>
            <ALLLEDGERENTRIES.LIST>
              <LEDGERNAME>Cash</LEDGERNAME>
              <ISDEEMEDPOSITIVE>Yes</ISDEEMEDPOSITIVE>
              <AMOUNT>3720.44</AMOUNT>
            </ALLLEDGERENTRIES.LIST>
          </VOUCHER>
        </TALLYMESSAGE>
        <TALLYMESSAGE xmlns:UDF="TallyUDF">
          <VOUCHER VCHTYPE="Sales" ACTION="Create">
            <DATE>20250410</DATE>
            <DISPLAYDATE>10-04-2025</DISPLAYDATE>
            <PERSISTEDVIEW>Accounting Voucher View</PERSISTEDVIEW>
            <VOUCHERTYPENAME>Sales</VOUCHERTYPENAME>
            <VOUCHERNUMBER>SL-00284</VOUCHERNUMBER>
            <NARRATION>Sales entry generated for 2025-04-10</NARRATION>
            <ALLLEDGERENTRIES.LIST>
              <LEDGERNAME>Sales</LEDGERNAME>
              <ISDEEMEDPOSITIVE>No</ISDEEMEDPOSITIVE>
              <AMOUNT>-3579.57</AMOUNT>
            </ALLLEDGERENTRIES.LIST>
            <ALLLEDGERENTRIES.LIST>
              <LEDGERNAME>Cash</LEDGERNAME>
              <ISDEEMEDPOSITIVE>Yes</ISDEEMEDPOSITIVE>
              <AMOUNT>3579.57</AMOUNT>
            </ALLLEDGERENTRIES.LIST>
          </VOUCHER>
        </TALLYMESSAGE>
        <TALLYMESSAGE xmlns:UDF="TallyUDF">
          <VOUCHER VCHTYPE="Sales" ACTION="Create">
            <DATE>20250411</DATE>
            <DISPLAYDATE>11-04-2025</DISPLAYDATE>
            <PERSISTEDVIEW>Accounting Voucher View</PERSISTEDVIEW>
            <VOUCHERTYPENAME>Sales</VOUCHERTYPENAME>
            <VOUCHERNUMBER>SL-00285</VOUCHERNUMBER>
            <NARRATION>Sales entry generated for 2025-04-11</NARRATION>
            <ALLLEDGERENTRIES.LIST>
              <LEDGERNAME>Sales</LEDGERNAME>
              <ISDEEMEDPOSITIVE>No</ISDEEMEDPOSITIVE>
              <AMOUNT>-2670.74</AMOUNT>
            </ALLLEDGERENTRIES.LIST>
            <ALLLEDGERENTRIES.LIST>
              <LEDGERNAME>Cash</LEDGERNAME>
              <ISDEEMEDPOSITIVE>Yes</ISDEEMEDPOSITIVE>
              <AMOUNT>2670.74</AMOUNT>
            </ALLLEDGERENTRIES.LIST>
          </VOUCHER>
        </TALLYMESSAGE>
        <TALLYMESSAGE xmlns:UDF="TallyUDF">
          <VOUCHER VCHTYPE="Sales" ACTION="Create">
            <DATE>20250412</DATE>
            <DISPLAYDATE>12-04-2025</DISPLAYDATE>
            <PERSISTEDVIEW>Accounting Voucher View</PERSISTEDVIEW>
            <VOUCHERTYPENAME>Sales</VOUCHERTYPENAME>
            <VOUCHERNUMBER>SL-00286</VOUCHERNUMBER>
            <NARRATION>Sales entry generated for 2025-04-12</NARRATION>
            <ALLLEDGERENTRIES.LIST>
              <LEDGERNAME>Sales</LEDGERNAME>
              <ISDEEMEDPOSITIVE>No</ISDEEMEDPOSITIVE>
              <AMOUNT>-2901.66</AMOUNT>
            </ALLLEDGERENTRIES.LIST>
            <ALLLEDGERENTRIES.LIST>
              <LEDGERNAME>Cash</LEDGERNAME>
              <ISDEEMEDPOSITIVE>Yes</ISDEEMEDPOSITIVE>
              <AMOUNT>2901.66</AMOUNT>
            </ALLLEDGERENTRIES.LIST>
          </VOUCHER>
        </TALLYMESSAGE>
        <TALLYMESSAGE xmlns:UDF="TallyUDF">
          <VOUCHER VCHTYPE="Sales" ACTION="Create">
            <DATE>20250413</DATE>
            <DISPLAYDATE>13-04-2025</DISPLAYDATE>
            <PERSISTEDVIEW>Accounting Voucher View</PERSISTEDVIEW>
            <VOUCHERTYPENAME>Sales</VOUCHERTYPENAME>
            <VOUCHERNUMBER>SL-00287</VOUCHERNUMBER>
            <NARRATION>Sales entry generated for 2025-04-13</NARRATION>
            <ALLLEDGERENTRIES.LIST>
              <LEDGERNAME>Sales</LEDGERNAME>
              <ISDEEMEDPOSITIVE>No</ISDEEMEDPOSITIVE>
              <AMOUNT>-3254.15</AMOUNT>
            </ALLLEDGERENTRIES.LIST>
            <ALLLEDGERENTRIES.LIST>
              <LEDGERNAME>Cash</LEDGERNAME>
              <ISDEEMEDPOSITIVE>Yes</ISDEEMEDPOSITIVE>
              <AMOUNT>3254.15</AMOUNT>
            </ALLLEDGERENTRIES.LIST>
          </VOUCHER>
        </TALLYMESSAGE>
        <TALLYMESSAGE xmlns:UDF="TallyUDF">
          <VOUCHER VCHTYPE="Sales" ACTION="Create">
            <DATE>20250414</DATE>
            <DISPLAYDATE>14-04-2025</DISPLAYDATE>
            <PERSISTEDVIEW>Accounting Voucher View</PERSISTEDVIEW>
            <VOUCHERTYPENAME>Sales</VOUCHERTYPENAME>
            <VOUCHERNUMBER>SL-00288</VOUCHERNUMBER>
            <NARRATION>Sales entry generated for 2025-04-14</NARRATION>
            <ALLLEDGERENTRIES.LIST>
              <LEDGERNAME>Sales</LEDGERNAME>
              <ISDEEMEDPOSITIVE>No</ISDEEMEDPOSITIVE>
              <AMOUNT>-3604.98</AMOUNT>
            </ALLLEDGERENTRIES.LIST>
            <ALLLEDGERENTRIES.LIST>
              <LEDGERNAME>Cash</LEDGERNAME>
              <ISDEEMEDPOSITIVE>Yes</ISDEEMEDPOSITIVE>
              <AMOUNT>3604.98</AMOUNT>
            </ALLLEDGERENTRIES.LIST>
          </VOUCHER>
        </TALLYMESSAGE>
        <TALLYMESSAGE xmlns:UDF="TallyUDF">
          <VOUCHER VCHTYPE="Sales" ACTION="Create">
            <DATE>20250415</DATE>
            <DISPLAYDATE>15-04-2025</DISPLAYDATE>
            <PERSISTEDVIEW>Accounting Voucher View</PERSISTEDVIEW>
            <VOUCHERTYPENAME>Sales</VOUCHERTYPENAME>
            <VOUCHERNUMBER>SL-00289</VOUCHERNUMBER>
            <NARRATION>Sales entry generated for 2025-04-15</NARRATION>
            <ALLLEDGERENTRIES.LIST>
              <LEDGERNAME>Sales</LEDGERNAME>
              <ISDEEMEDPOSITIVE>No</ISDEEMEDPOSITIVE>
              <AMOUNT>-3584.53</AMOUNT>
            </ALLLEDGERENTRIES.LIST>
            <ALLLEDGERENTRIES.LIST>
              <LEDGERNAME>Cash</LEDGERNAME>
              <ISDEEMEDPOSITIVE>Yes</ISDEEMEDPOSITIVE>
              <AMOUNT>3584.53</AMOUNT>
            </ALLLEDGERENTRIES.LIST>
          </VOUCHER>
        </TALLYMESSAGE>
        <TALLYMESSAGE xmlns:UDF="TallyUDF">
          <VOUCHER VCHTYPE="Sales" ACTION="Create">
            <DATE>20250416</DATE>
            <DISPLAYDATE>16-04-2025</DISPLAYDATE>
            <PERSISTEDVIEW>Accounting Voucher View</PERSISTEDVIEW>
            <VOUCHERTYPENAME>Sales</VOUCHERTYPENAME>
            <VOUCHERNUMBER>SL-00290</VOUCHERNUMBER>
            <NARRATION>Sales entry generated for 2025-04-16</NARRATION>
            <ALLLEDGERENTRIES.LIST>
              <LEDGERNAME>Sales</LEDGERNAME>
              <ISDEEMEDPOSITIVE>No</ISDEEMEDPOSITIVE>
              <AMOUNT>-3067.46</AMOUNT>
            </ALLLEDGERENTRIES.LIST>
            <ALLLEDGERENTRIES.LIST>
              <LEDGERNAME>Cash</LEDGERNAME>
              <ISDEEMEDPOSITIVE>Yes</ISDEEMEDPOSITIVE>
              <AMOUNT>3067.46</AMOUNT>
            </ALLLEDGERENTRIES.LIST>
          </VOUCHER>
        </TALLYMESSAGE>
        <TALLYMESSAGE xmlns:UDF="TallyUDF">
          <VOUCHER VCHTYPE="Sales" ACTION="Create">
            <DATE>20250417</DATE>
            <DISPLAYDATE>17-04-2025</DISPLAYDATE>
            <PERSISTEDVIEW>Accounting Voucher View</PERSISTEDVIEW>
            <VOUCHERTYPENAME>Sales</VOUCHERTYPENAME>
            <VOUCHERNUMBER>SL-00291</VOUCHERNUMBER>
            <NARRATION>Sales entry generated for 2025-04-17</NARRATION>
            <ALLLEDGERENTRIES.LIST>
              <LEDGERNAME>Sales</LEDGERNAME>
              <ISDEEMEDPOSITIVE>No</ISDEEMEDPOSITIVE>
              <AMOUNT>-3048.93</AMOUNT>
            </ALLLEDGERENTRIES.LIST>
            <ALLLEDGERENTRIES.LIST>
              <LEDGERNAME>Cash</LEDGERNAME>
              <ISDEEMEDPOSITIVE>Yes</ISDEEMEDPOSITIVE>
              <AMOUNT>3048.93</AMOUNT>
            </ALLLEDGERENTRIES.LIST>
          </VOUCHER>
        </TALLYMESSAGE>
        <TALLYMESSAGE xmlns:UDF="TallyUDF">
          <VOUCHER VCHTYPE="Sales" ACTION="Create">
            <DATE>20250418</DATE>
            <DISPLAYDATE>18-04-2025</DISPLAYDATE>
            <PERSISTEDVIEW>Accounting Voucher View</PERSISTEDVIEW>
            <VOUCHERTYPENAME>Sales</VOUCHERTYPENAME>
            <VOUCHERNUMBER>SL-00292</VOUCHERNUMBER>
            <NARRATION>Sales entry generated for 2025-04-18</NARRATION>
            <ALLLEDGERENTRIES.LIST>
              <LEDGERNAME>Sales</LEDGERNAME>
              <ISDEEMEDPOSITIVE>No</ISDEEMEDPOSITIVE>
              <AMOUNT>-3479.23</AMOUNT>
            </ALLLEDGERENTRIES.LIST>
            <ALLLEDGERENTRIES.LIST>
              <LEDGERNAME>Cash</LEDGERNAME>
              <ISDEEMEDPOSITIVE>Yes</ISDEEMEDPOSITIVE>
              <AMOUNT>3479.23</AMOUNT>
            </ALLLEDGERENTRIES.LIST>
          </VOUCHER>
        </TALLYMESSAGE>
        <TALLYMESSAGE xmlns:UDF="TallyUDF">
          <VOUCHER VCHTYPE="Sales" ACTION="Create">
            <DATE>20250419</DATE>
            <DISPLAYDATE>19-04-2025</DISPLAYDATE>
            <PERSISTEDVIEW>Accounting Voucher View</PERSISTEDVIEW>
            <VOUCHERTYPENAME>Sales</VOUCHERTYPENAME>
            <VOUCHERNUMBER>SL-00293</VOUCHERNUMBER>
            <NARRATION>Sales entry generated for 2025-04-19</NARRATION>
            <ALLLEDGERENTRIES.LIST>
              <LEDGERNAME>Sales</LEDGERNAME>
              <ISDEEMEDPOSITIVE>No</ISDEEMEDPOSITIVE>
              <AMOUNT>-2498.24</AMOUNT>
            </ALLLEDGERENTRIES.LIST>
            <ALLLEDGERENTRIES.LIST>
              <LEDGERNAME>Cash</LEDGERNAME>
              <ISDEEMEDPOSITIVE>Yes</ISDEEMEDPOSITIVE>
              <AMOUNT>2498.24</AMOUNT>
            </ALLLEDGERENTRIES.LIST>
          </VOUCHER>
        </TALLYMESSAGE>
        <TALLYMESSAGE xmlns:UDF="TallyUDF">
          <VOUCHER VCHTYPE="Sales" ACTION="Create">
            <DATE>20250420</DATE>
            <DISPLAYDATE>20-04-2025</DISPLAYDATE>
            <PERSISTEDVIEW>Accounting Voucher View</PERSISTEDVIEW>
            <VOUCHERTYPENAME>Sales</VOUCHERTYPENAME>
            <VOUCHERNUMBER>SL-00294</VOUCHERNUMBER>
            <NARRATION>Sales entry generated for 2025-04-20</NARRATION>
            <ALLLEDGERENTRIES.LIST>
              <LEDGERNAME>Sales</LEDGERNAME>
              <ISDEEMEDPOSITIVE>No</ISDEEMEDPOSITIVE>
              <AMOUNT>-3326.20</AMOUNT>
            </ALLLEDGERENTRIES.LIST>
            <ALLLEDGERENTRIES.LIST>
              <LEDGERNAME>Cash</LEDGERNAME>
              <ISDEEMEDPOSITIVE>Yes</ISDEEMEDPOSITIVE>
              <AMOUNT>3326.20</AMOUNT>
            </ALLLEDGERENTRIES.LIST>
          </VOUCHER>
        </TALLYMESSAGE>
        <TALLYMESSAGE xmlns:UDF="TallyUDF">
          <VOUCHER VCHTYPE="Sales" ACTION="Create">
            <DATE>20250421</DATE>
            <DISPLAYDATE>21-04-2025</DISPLAYDATE>
            <PERSISTEDVIEW>Accounting Voucher View</PERSISTEDVIEW>
            <VOUCHERTYPENAME>Sales</VOUCHERTYPENAME>
            <VOUCHERNUMBER>SL-00295</VOUCHERNUMBER>
            <NARRATION>Sales entry generated for 2025-04-21</NARRATION>
            <ALLLEDGERENTRIES.LIST>
              <LEDGERNAME>Sales</LEDGERNAME>
              <ISDEEMEDPOSITIVE>No</ISDEEMEDPOSITIVE>
              <AMOUNT>-2627.26</AMOUNT>
            </ALLLEDGERENTRIES.LIST>
            <ALLLEDGERENTRIES.LIST>
              <LEDGERNAME>Cash</LEDGERNAME>
              <ISDEEMEDPOSITIVE>Yes</ISDEEMEDPOSITIVE>
              <AMOUNT>2627.26</AMOUNT>
            </ALLLEDGERENTRIES.LIST>
          </VOUCHER>
        </TALLYMESSAGE>
        <TALLYMESSAGE xmlns:UDF="TallyUDF">
          <VOUCHER VCHTYPE="Sales" ACTION="Create">
            <DATE>20250422</DATE>
            <DISPLAYDATE>22-04-2025</DISPLAYDATE>
            <PERSISTEDVIEW>Accounting Voucher View</PERSISTEDVIEW>
            <VOUCHERTYPENAME>Sales</VOUCHERTYPENAME>
            <VOUCHERNUMBER>SL-00296</VOUCHERNUMBER>
            <NARRATION>Sales entry generated for 2025-04-22</NARRATION>
            <ALLLEDGERENTRIES.LIST>
              <LEDGERNAME>Sales</LEDGERNAME>
              <ISDEEMEDPOSITIVE>No</ISDEEMEDPOSITIVE>
              <AMOUNT>-3002.36</AMOUNT>
            </ALLLEDGERENTRIES.LIST>
            <ALLLEDGERENTRIES.LIST>
              <LEDGERNAME>Cash</LEDGERNAME>
              <ISDEEMEDPOSITIVE>Yes</ISDEEMEDPOSITIVE>
              <AMOUNT>3002.36</AMOUNT>
            </ALLLEDGERENTRIES.LIST>
          </VOUCHER>
        </TALLYMESSAGE>
        <TALLYMESSAGE xmlns:UDF="TallyUDF">
          <VOUCHER VCHTYPE="Sales" ACTION="Create">
            <DATE>20250423</DATE>
            <DISPLAYDATE>23-04-2025</DISPLAYDATE>
            <PERSISTEDVIEW>Accounting Voucher View</PERSISTEDVIEW>
            <VOUCHERTYPENAME>Sales</VOUCHERTYPENAME>
            <VOUCHERNUMBER>SL-00297</VOUCHERNUMBER>
            <NARRATION>Sales entry generated for 2025-04-23</NARRATION>
            <ALLLEDGERENTRIES.LIST>
              <LEDGERNAME>Sales</LEDGERNAME>
              <ISDEEMEDPOSITIVE>No</ISDEEMEDPOSITIVE>
              <AMOUNT>-3832.71</AMOUNT>
            </ALLLEDGERENTRIES.LIST>
            <ALLLEDGERENTRIES.LIST>
              <LEDGERNAME>Cash</LEDGERNAME>
              <ISDEEMEDPOSITIVE>Yes</ISDEEMEDPOSITIVE>
              <AMOUNT>3832.71</AMOUNT>
            </ALLLEDGERENTRIES.LIST>
          </VOUCHER>
        </TALLYMESSAGE>
        <TALLYMESSAGE xmlns:UDF="TallyUDF">
          <VOUCHER VCHTYPE="Sales" ACTION="Create">
            <DATE>20250424</DATE>
            <DISPLAYDATE>24-04-2025</DISPLAYDATE>
            <PERSISTEDVIEW>Accounting Voucher View</PERSISTEDVIEW>
            <VOUCHERTYPENAME>Sales</VOUCHERTYPENAME>
            <VOUCHERNUMBER>SL-00298</VOUCHERNUMBER>
            <NARRATION>Sales entry generated for 2025-04-24</NARRATION>
            <ALLLEDGERENTRIES.LIST>
              <LEDGERNAME>Sales</LEDGERNAME>
              <ISDEEMEDPOSITIVE>No</ISDEEMEDPOSITIVE>
              <AMOUNT>-4070.31</AMOUNT>
            </ALLLEDGERENTRIES.LIST>
            <ALLLEDGERENTRIES.LIST>
              <LEDGERNAME>Cash</LEDGERNAME>
              <ISDEEMEDPOSITIVE>Yes</ISDEEMEDPOSITIVE>
              <AMOUNT>4070.31</AMOUNT>
            </ALLLEDGERENTRIES.LIST>
          </VOUCHER>
        </TALLYMESSAGE>
        <TALLYMESSAGE xmlns:UDF="TallyUDF">
          <VOUCHER VCHTYPE="Sales" ACTION="Create">
            <DATE>20250425</DATE>
            <DISPLAYDATE>25-04-2025</DISPLAYDATE>
            <PERSISTEDVIEW>Accounting Voucher View</PERSISTEDVIEW>
            <VOUCHERTYPENAME>Sales</VOUCHERTYPENAME>
            <VOUCHERNUMBER>SL-00299</VOUCHERNUMBER>
            <NARRATION>Sales entry generated for 2025-04-25</NARRATION>
            <ALLLEDGERENTRIES.LIST>
              <LEDGERNAME>Sales</LEDGERNAME>
              <ISDEEMEDPOSITIVE>No</ISDEEMEDPOSITIVE>
              <AMOUNT>-2607.00</AMOUNT>
            </ALLLEDGERENTRIES.LIST>
            <ALLLEDGERENTRIES.LIST>
              <LEDGERNAME>Cash</LEDGERNAME>
              <ISDEEMEDPOSITIVE>Yes</ISDEEMEDPOSITIVE>
              <AMOUNT>2607.00</AMOUNT>
            </ALLLEDGERENTRIES.LIST>
          </VOUCHER>
        </TALLYMESSAGE>
        <TALLYMESSAGE xmlns:UDF="TallyUDF">
          <VOUCHER VCHTYPE="Sales" ACTION="Create">
            <DATE>20250426</DATE>
            <DISPLAYDATE>26-04-2025</DISPLAYDATE>
            <PERSISTEDVIEW>Accounting Voucher View</PERSISTEDVIEW>
            <VOUCHERTYPENAME>Sales</VOUCHERTYPENAME>
            <VOUCHERNUMBER>SL-00300</VOUCHERNUMBER>
            <NARRATION>Sales entry generated for 2025-04-26</NARRATION>
            <ALLLEDGERENTRIES.LIST>
              <LEDGERNAME>Sales</LEDGERNAME>
              <ISDEEMEDPOSITIVE>No</ISDEEMEDPOSITIVE>
              <AMOUNT>-3842.12</AMOUNT>
            </ALLLEDGERENTRIES.LIST>
            <ALLLEDGERENTRIES.LIST>
              <LEDGERNAME>Cash</LEDGERNAME>
              <ISDEEMEDPOSITIVE>Yes</ISDEEMEDPOSITIVE>
              <AMOUNT>3842.12</AMOUNT>
            </ALLLEDGERENTRIES.LIST>
          </VOUCHER>
        </TALLYMESSAGE>
        <TALLYMESSAGE xmlns:UDF="TallyUDF">
          <VOUCHER VCHTYPE="Sales" ACTION="Create">
            <DATE>20250427</DATE>
            <DISPLAYDATE>27-04-2025</DISPLAYDATE>
            <PERSISTEDVIEW>Accounting Voucher View</PERSISTEDVIEW>
            <VOUCHERTYPENAME>Sales</VOUCHERTYPENAME>
            <VOUCHERNUMBER>SL-00301</VOUCHERNUMBER>
            <NARRATION>Sales entry generated for 2025-04-27</NARRATION>
            <ALLLEDGERENTRIES.LIST>
              <LEDGERNAME>Sales</LEDGERNAME>
              <ISDEEMEDPOSITIVE>No</ISDEEMEDPOSITIVE>
              <AMOUNT>-3195.92</AMOUNT>
            </ALLLEDGERENTRIES.LIST>
            <ALLLEDGERENTRIES.LIST>
              <LEDGERNAME>Cash</LEDGERNAME>
              <ISDEEMEDPOSITIVE>Yes</ISDEEMEDPOSITIVE>
              <AMOUNT>3195.92</AMOUNT>
            </ALLLEDGERENTRIES.LIST>
          </VOUCHER>
        </TALLYMESSAGE>
        <TALLYMESSAGE xmlns:UDF="TallyUDF">
          <VOUCHER VCHTYPE="Sales" ACTION="Create">
            <DATE>20250428</DATE>
            <DISPLAYDATE>28-04-2025</DISPLAYDATE>
            <PERSISTEDVIEW>Accounting Voucher View</PERSISTEDVIEW>
            <VOUCHERTYPENAME>Sales</VOUCHERTYPENAME>
            <VOUCHERNUMBER>SL-00302</VOUCHERNUMBER>
            <NARRATION>Sales entry generated for 2025-04-28</NARRATION>
            <ALLLEDGERENTRIES.LIST>
              <LEDGERNAME>Sales</LEDGERNAME>
              <ISDEEMEDPOSITIVE>No</ISDEEMEDPOSITIVE>
              <AMOUNT>-2568.20</AMOUNT>
            </ALLLEDGERENTRIES.LIST>
            <ALLLEDGERENTRIES.LIST>
              <LEDGERNAME>Cash</LEDGERNAME>
              <ISDEEMEDPOSITIVE>Yes</ISDEEMEDPOSITIVE>
              <AMOUNT>2568.20</AMOUNT>
            </ALLLEDGERENTRIES.LIST>
          </VOUCHER>
        </TALLYMESSAGE>
        <TALLYMESSAGE xmlns:UDF="TallyUDF">
          <VOUCHER VCHTYPE="Sales" ACTION="Create">
            <DATE>20250429</DATE>
            <DISPLAYDATE>29-04-2025</DISPLAYDATE>
            <PERSISTEDVIEW>Accounting Voucher View</PERSISTEDVIEW>
            <VOUCHERTYPENAME>Sales</VOUCHERTYPENAME>
            <VOUCHERNUMBER>SL-00303</VOUCHERNUMBER>
            <NARRATION>Sales entry generated for 2025-04-29</NARRATION>
            <ALLLEDGERENTRIES.LIST>
              <LEDGERNAME>Sales</LEDGERNAME>
              <ISDEEMEDPOSITIVE>No</ISDEEMEDPOSITIVE>
              <AMOUNT>-3094.30</AMOUNT>
            </ALLLEDGERENTRIES.LIST>
            <ALLLEDGERENTRIES.LIST>
              <LEDGERNAME>Cash</LEDGERNAME>
              <ISDEEMEDPOSITIVE>Yes</ISDEEMEDPOSITIVE>
              <AMOUNT>3094.30</AMOUNT>
            </ALLLEDGERENTRIES.LIST>
          </VOUCHER>
        </TALLYMESSAGE>
        <TALLYMESSAGE xmlns:UDF="TallyUDF">
          <VOUCHER VCHTYPE="Sales" ACTION="Create">
            <DATE>20250430</DATE>
            <DISPLAYDATE>30-04-2025</DISPLAYDATE>
            <PERSISTEDVIEW>Accounting Voucher View</PERSISTEDVIEW>
            <VOUCHERTYPENAME>Sales</VOUCHERTYPENAME>
            <VOUCHERNUMBER>SL-00304</VOUCHERNUMBER>
            <NARRATION>Sales entry generated for 2025-04-30</NARRATION>
            <ALLLEDGERENTRIES.LIST>
              <LEDGERNAME>Sales</LEDGERNAME>
              <ISDEEMEDPOSITIVE>No</ISDEEMEDPOSITIVE>
              <AMOUNT>-2663.01</AMOUNT>
            </ALLLEDGERENTRIES.LIST>
            <ALLLEDGERENTRIES.LIST>
              <LEDGERNAME>Cash</LEDGERNAME>
              <ISDEEMEDPOSITIVE>Yes</ISDEEMEDPOSITIVE>
              <AMOUNT>2663.01</AMOUNT>
            </ALLLEDGERENTRIES.LIST>
          </VOUCHER>
        </TALLYMESSAGE>
        <TALLYMESSAGE xmlns:UDF="TallyUDF">
          <VOUCHER VCHTYPE="Sales" ACTION="Create">
            <DATE>20250501</DATE>
            <DISPLAYDATE>01-05-2025</DISPLAYDATE>
            <PERSISTEDVIEW>Accounting Voucher View</PERSISTEDVIEW>
            <VOUCHERTYPENAME>Sales</VOUCHERTYPENAME>
            <VOUCHERNUMBER>SL-00305</VOUCHERNUMBER>
            <NARRATION>Sales entry generated for 2025-05-01</NARRATION>
            <ALLLEDGERENTRIES.LIST>
              <LEDGERNAME>Sales</LEDGERNAME>
              <ISDEEMEDPOSITIVE>No</ISDEEMEDPOSITIVE>
              <AMOUNT>-2321.54</AMOUNT>
            </ALLLEDGERENTRIES.LIST>
            <ALLLEDGERENTRIES.LIST>
              <LEDGERNAME>Cash</LEDGERNAME>
              <ISDEEMEDPOSITIVE>Yes</ISDEEMEDPOSITIVE>
              <AMOUNT>2321.54</AMOUNT>
            </ALLLEDGERENTRIES.LIST>
          </VOUCHER>
        </TALLYMESSAGE>
        <TALLYMESSAGE xmlns:UDF="TallyUDF">
          <VOUCHER VCHTYPE="Sales" ACTION="Create">
            <DATE>20250502</DATE>
            <DISPLAYDATE>02-05-2025</DISPLAYDATE>
            <PERSISTEDVIEW>Accounting Voucher View</PERSISTEDVIEW>
            <VOUCHERTYPENAME>Sales</VOUCHERTYPENAME>
            <VOUCHERNUMBER>SL-00306</VOUCHERNUMBER>
            <NARRATION>Sales entry generated for 2025-05-02</NARRATION>
            <ALLLEDGERENTRIES.LIST>
              <LEDGERNAME>Sales</LEDGERNAME>
              <ISDEEMEDPOSITIVE>No</ISDEEMEDPOSITIVE>
              <AMOUNT>-1900.18</AMOUNT>
            </ALLLEDGERENTRIES.LIST>
            <ALLLEDGERENTRIES.LIST>
              <LEDGERNAME>Cash</LEDGERNAME>
              <ISDEEMEDPOSITIVE>Yes</ISDEEMEDPOSITIVE>
              <AMOUNT>1900.18</AMOUNT>
            </ALLLEDGERENTRIES.LIST>
          </VOUCHER>
        </TALLYMESSAGE>
        <TALLYMESSAGE xmlns:UDF="TallyUDF">
          <VOUCHER VCHTYPE="Sales" ACTION="Create">
            <DATE>20250503</DATE>
            <DISPLAYDATE>03-05-2025</DISPLAYDATE>
            <PERSISTEDVIEW>Accounting Voucher View</PERSISTEDVIEW>
            <VOUCHERTYPENAME>Sales</VOUCHERTYPENAME>
            <VOUCHERNUMBER>SL-00307</VOUCHERNUMBER>
            <NARRATION>Sales entry generated for 2025-05-03</NARRATION>
            <ALLLEDGERENTRIES.LIST>
              <LEDGERNAME>Sales</LEDGERNAME>
              <ISDEEMEDPOSITIVE>No</ISDEEMEDPOSITIVE>
              <AMOUNT>-2257.36</AMOUNT>
            </ALLLEDGERENTRIES.LIST>
            <ALLLEDGERENTRIES.LIST>
              <LEDGERNAME>Cash</LEDGERNAME>
              <ISDEEMEDPOSITIVE>Yes</ISDEEMEDPOSITIVE>
              <AMOUNT>2257.36</AMOUNT>
            </ALLLEDGERENTRIES.LIST>
          </VOUCHER>
        </TALLYMESSAGE>
        <TALLYMESSAGE xmlns:UDF="TallyUDF">
          <VOUCHER VCHTYPE="Sales" ACTION="Create">
            <DATE>20250504</DATE>
            <DISPLAYDATE>04-05-2025</DISPLAYDATE>
            <PERSISTEDVIEW>Accounting Voucher View</PERSISTEDVIEW>
            <VOUCHERTYPENAME>Sales</VOUCHERTYPENAME>
            <VOUCHERNUMBER>SL-00308</VOUCHERNUMBER>
            <NARRATION>Sales entry generated for 2025-05-04</NARRATION>
            <ALLLEDGERENTRIES.LIST>
              <LEDGERNAME>Sales</LEDGERNAME>
              <ISDEEMEDPOSITIVE>No</ISDEEMEDPOSITIVE>
              <AMOUNT>-3379.47</AMOUNT>
            </ALLLEDGERENTRIES.LIST>
            <ALLLEDGERENTRIES.LIST>
              <LEDGERNAME>Cash</LEDGERNAME>
              <ISDEEMEDPOSITIVE>Yes</ISDEEMEDPOSITIVE>
              <AMOUNT>3379.47</AMOUNT>
            </ALLLEDGERENTRIES.LIST>
          </VOUCHER>
        </TALLYMESSAGE>
        <TALLYMESSAGE xmlns:UDF="TallyUDF">
          <VOUCHER VCHTYPE="Sales" ACTION="Create">
            <DATE>20250505</DATE>
            <DISPLAYDATE>05-05-2025</DISPLAYDATE>
            <PERSISTEDVIEW>Accounting Voucher View</PERSISTEDVIEW>
            <VOUCHERTYPENAME>Sales</VOUCHERTYPENAME>
            <VOUCHERNUMBER>SL-00309</VOUCHERNUMBER>
            <NARRATION>Sales entry generated for 2025-05-05</NARRATION>
            <ALLLEDGERENTRIES.LIST>
              <LEDGERNAME>Sales</LEDGERNAME>
              <ISDEEMEDPOSITIVE>No</ISDEEMEDPOSITIVE>
              <AMOUNT>-2098.14</AMOUNT>
            </ALLLEDGERENTRIES.LIST>
            <ALLLEDGERENTRIES.LIST>
              <LEDGERNAME>Cash</LEDGERNAME>
              <ISDEEMEDPOSITIVE>Yes</ISDEEMEDPOSITIVE>
              <AMOUNT>2098.14</AMOUNT>
            </ALLLEDGERENTRIES.LIST>
          </VOUCHER>
        </TALLYMESSAGE>
        <TALLYMESSAGE xmlns:UDF="TallyUDF">
          <VOUCHER VCHTYPE="Sales" ACTION="Create">
            <DATE>20250506</DATE>
            <DISPLAYDATE>06-05-2025</DISPLAYDATE>
            <PERSISTEDVIEW>Accounting Voucher View</PERSISTEDVIEW>
            <VOUCHERTYPENAME>Sales</VOUCHERTYPENAME>
            <VOUCHERNUMBER>SL-00310</VOUCHERNUMBER>
            <NARRATION>Sales entry generated for 2025-05-06</NARRATION>
            <ALLLEDGERENTRIES.LIST>
              <LEDGERNAME>Sales</LEDGERNAME>
              <ISDEEMEDPOSITIVE>No</ISDEEMEDPOSITIVE>
              <AMOUNT>-3015.24</AMOUNT>
            </ALLLEDGERENTRIES.LIST>
            <ALLLEDGERENTRIES.LIST>
              <LEDGERNAME>Cash</LEDGERNAME>
              <ISDEEMEDPOSITIVE>Yes</ISDEEMEDPOSITIVE>
              <AMOUNT>3015.24</AMOUNT>
            </ALLLEDGERENTRIES.LIST>
          </VOUCHER>
        </TALLYMESSAGE>
        <TALLYMESSAGE xmlns:UDF="TallyUDF">
          <VOUCHER VCHTYPE="Sales" ACTION="Create">
            <DATE>20250507</DATE>
            <DISPLAYDATE>07-05-2025</DISPLAYDATE>
            <PERSISTEDVIEW>Accounting Voucher View</PERSISTEDVIEW>
            <VOUCHERTYPENAME>Sales</VOUCHERTYPENAME>
            <VOUCHERNUMBER>SL-00311</VOUCHERNUMBER>
            <NARRATION>Sales entry generated for 2025-05-07</NARRATION>
            <ALLLEDGERENTRIES.LIST>
              <LEDGERNAME>Sales</LEDGERNAME>
              <ISDEEMEDPOSITIVE>No</ISDEEMEDPOSITIVE>
              <AMOUNT>-2473.81</AMOUNT>
            </ALLLEDGERENTRIES.LIST>
            <ALLLEDGERENTRIES.LIST>
              <LEDGERNAME>Cash</LEDGERNAME>
              <ISDEEMEDPOSITIVE>Yes</ISDEEMEDPOSITIVE>
              <AMOUNT>2473.81</AMOUNT>
            </ALLLEDGERENTRIES.LIST>
          </VOUCHER>
        </TALLYMESSAGE>
        <TALLYMESSAGE xmlns:UDF="TallyUDF">
          <VOUCHER VCHTYPE="Sales" ACTION="Create">
            <DATE>20250508</DATE>
            <DISPLAYDATE>08-05-2025</DISPLAYDATE>
            <PERSISTEDVIEW>Accounting Voucher View</PERSISTEDVIEW>
            <VOUCHERTYPENAME>Sales</VOUCHERTYPENAME>
            <VOUCHERNUMBER>SL-00312</VOUCHERNUMBER>
            <NARRATION>Sales entry generated for 2025-05-08</NARRATION>
            <ALLLEDGERENTRIES.LIST>
              <LEDGERNAME>Sales</LEDGERNAME>
              <ISDEEMEDPOSITIVE>No</ISDEEMEDPOSITIVE>
              <AMOUNT>-3469.55</AMOUNT>
            </ALLLEDGERENTRIES.LIST>
            <ALLLEDGERENTRIES.LIST>
              <LEDGERNAME>Cash</LEDGERNAME>
              <ISDEEMEDPOSITIVE>Yes</ISDEEMEDPOSITIVE>
              <AMOUNT>3469.55</AMOUNT>
            </ALLLEDGERENTRIES.LIST>
          </VOUCHER>
        </TALLYMESSAGE>
        <TALLYMESSAGE xmlns:UDF="TallyUDF">
          <VOUCHER VCHTYPE="Sales" ACTION="Create">
            <DATE>20250509</DATE>
            <DISPLAYDATE>09-05-2025</DISPLAYDATE>
            <PERSISTEDVIEW>Accounting Voucher View</PERSISTEDVIEW>
            <VOUCHERTYPENAME>Sales</VOUCHERTYPENAME>
            <VOUCHERNUMBER>SL-00313</VOUCHERNUMBER>
            <NARRATION>Sales entry generated for 2025-05-09</NARRATION>
            <ALLLEDGERENTRIES.LIST>
              <LEDGERNAME>Sales</LEDGERNAME>
              <ISDEEMEDPOSITIVE>No</ISDEEMEDPOSITIVE>
              <AMOUNT>-2563.33</AMOUNT>
            </ALLLEDGERENTRIES.LIST>
            <ALLLEDGERENTRIES.LIST>
              <LEDGERNAME>Cash</LEDGERNAME>
              <ISDEEMEDPOSITIVE>Yes</ISDEEMEDPOSITIVE>
              <AMOUNT>2563.33</AMOUNT>
            </ALLLEDGERENTRIES.LIST>
          </VOUCHER>
        </TALLYMESSAGE>
        <TALLYMESSAGE xmlns:UDF="TallyUDF">
          <VOUCHER VCHTYPE="Sales" ACTION="Create">
            <DATE>20250510</DATE>
            <DISPLAYDATE>10-05-2025</DISPLAYDATE>
            <PERSISTEDVIEW>Accounting Voucher View</PERSISTEDVIEW>
            <VOUCHERTYPENAME>Sales</VOUCHERTYPENAME>
            <VOUCHERNUMBER>SL-00314</VOUCHERNUMBER>
            <NARRATION>Sales entry generated for 2025-05-10</NARRATION>
            <ALLLEDGERENTRIES.LIST>
              <LEDGERNAME>Sales</LEDGERNAME>
              <ISDEEMEDPOSITIVE>No</ISDEEMEDPOSITIVE>
              <AMOUNT>-2699.93</AMOUNT>
            </ALLLEDGERENTRIES.LIST>
            <ALLLEDGERENTRIES.LIST>
              <LEDGERNAME>Cash</LEDGERNAME>
              <ISDEEMEDPOSITIVE>Yes</ISDEEMEDPOSITIVE>
              <AMOUNT>2699.93</AMOUNT>
            </ALLLEDGERENTRIES.LIST>
          </VOUCHER>
        </TALLYMESSAGE>
        <TALLYMESSAGE xmlns:UDF="TallyUDF">
          <VOUCHER VCHTYPE="Sales" ACTION="Create">
            <DATE>20250511</DATE>
            <DISPLAYDATE>11-05-2025</DISPLAYDATE>
            <PERSISTEDVIEW>Accounting Voucher View</PERSISTEDVIEW>
            <VOUCHERTYPENAME>Sales</VOUCHERTYPENAME>
            <VOUCHERNUMBER>SL-00315</VOUCHERNUMBER>
            <NARRATION>Sales entry generated for 2025-05-11</NARRATION>
            <ALLLEDGERENTRIES.LIST>
              <LEDGERNAME>Sales</LEDGERNAME>
              <ISDEEMEDPOSITIVE>No</ISDEEMEDPOSITIVE>
              <AMOUNT>-2024.18</AMOUNT>
            </ALLLEDGERENTRIES.LIST>
            <ALLLEDGERENTRIES.LIST>
              <LEDGERNAME>Cash</LEDGERNAME>
              <ISDEEMEDPOSITIVE>Yes</ISDEEMEDPOSITIVE>
              <AMOUNT>2024.18</AMOUNT>
            </ALLLEDGERENTRIES.LIST>
          </VOUCHER>
        </TALLYMESSAGE>
        <TALLYMESSAGE xmlns:UDF="TallyUDF">
          <VOUCHER VCHTYPE="Sales" ACTION="Create">
            <DATE>20250512</DATE>
            <DISPLAYDATE>12-05-2025</DISPLAYDATE>
            <PERSISTEDVIEW>Accounting Voucher View</PERSISTEDVIEW>
            <VOUCHERTYPENAME>Sales</VOUCHERTYPENAME>
            <VOUCHERNUMBER>SL-00316</VOUCHERNUMBER>
            <NARRATION>Sales entry generated for 2025-05-12</NARRATION>
            <ALLLEDGERENTRIES.LIST>
              <LEDGERNAME>Sales</LEDGERNAME>
              <ISDEEMEDPOSITIVE>No</ISDEEMEDPOSITIVE>
              <AMOUNT>-3394.18</AMOUNT>
            </ALLLEDGERENTRIES.LIST>
            <ALLLEDGERENTRIES.LIST>
              <LEDGERNAME>Cash</LEDGERNAME>
              <ISDEEMEDPOSITIVE>Yes</ISDEEMEDPOSITIVE>
              <AMOUNT>3394.18</AMOUNT>
            </ALLLEDGERENTRIES.LIST>
          </VOUCHER>
        </TALLYMESSAGE>
        <TALLYMESSAGE xmlns:UDF="TallyUDF">
          <VOUCHER VCHTYPE="Sales" ACTION="Create">
            <DATE>20250513</DATE>
            <DISPLAYDATE>13-05-2025</DISPLAYDATE>
            <PERSISTEDVIEW>Accounting Voucher View</PERSISTEDVIEW>
            <VOUCHERTYPENAME>Sales</VOUCHERTYPENAME>
            <VOUCHERNUMBER>SL-00317</VOUCHERNUMBER>
            <NARRATION>Sales entry generated for 2025-05-13</NARRATION>
            <ALLLEDGERENTRIES.LIST>
              <LEDGERNAME>Sales</LEDGERNAME>
              <ISDEEMEDPOSITIVE>No</ISDEEMEDPOSITIVE>
              <AMOUNT>-3171.91</AMOUNT>
            </ALLLEDGERENTRIES.LIST>
            <ALLLEDGERENTRIES.LIST>
              <LEDGERNAME>Cash</LEDGERNAME>
              <ISDEEMEDPOSITIVE>Yes</ISDEEMEDPOSITIVE>
              <AMOUNT>3171.91</AMOUNT>
            </ALLLEDGERENTRIES.LIST>
          </VOUCHER>
        </TALLYMESSAGE>
        <TALLYMESSAGE xmlns:UDF="TallyUDF">
          <VOUCHER VCHTYPE="Sales" ACTION="Create">
            <DATE>20250514</DATE>
            <DISPLAYDATE>14-05-2025</DISPLAYDATE>
            <PERSISTEDVIEW>Accounting Voucher View</PERSISTEDVIEW>
            <VOUCHERTYPENAME>Sales</VOUCHERTYPENAME>
            <VOUCHERNUMBER>SL-00318</VOUCHERNUMBER>
            <NARRATION>Sales entry generated for 2025-05-14</NARRATION>
            <ALLLEDGERENTRIES.LIST>
              <LEDGERNAME>Sales</LEDGERNAME>
              <ISDEEMEDPOSITIVE>No</ISDEEMEDPOSITIVE>
              <AMOUNT>-3128.98</AMOUNT>
            </ALLLEDGERENTRIES.LIST>
            <ALLLEDGERENTRIES.LIST>
              <LEDGERNAME>Cash</LEDGERNAME>
              <ISDEEMEDPOSITIVE>Yes</ISDEEMEDPOSITIVE>
              <AMOUNT>3128.98</AMOUNT>
            </ALLLEDGERENTRIES.LIST>
          </VOUCHER>
        </TALLYMESSAGE>
        <TALLYMESSAGE xmlns:UDF="TallyUDF">
          <VOUCHER VCHTYPE="Sales" ACTION="Create">
            <DATE>20250515</DATE>
            <DISPLAYDATE>15-05-2025</DISPLAYDATE>
            <PERSISTEDVIEW>Accounting Voucher View</PERSISTEDVIEW>
            <VOUCHERTYPENAME>Sales</VOUCHERTYPENAME>
            <VOUCHERNUMBER>SL-00319</VOUCHERNUMBER>
            <NARRATION>Sales entry generated for 2025-05-15</NARRATION>
            <ALLLEDGERENTRIES.LIST>
              <LEDGERNAME>Sales</LEDGERNAME>
              <ISDEEMEDPOSITIVE>No</ISDEEMEDPOSITIVE>
              <AMOUNT>-3269.48</AMOUNT>
            </ALLLEDGERENTRIES.LIST>
            <ALLLEDGERENTRIES.LIST>
              <LEDGERNAME>Cash</LEDGERNAME>
              <ISDEEMEDPOSITIVE>Yes</ISDEEMEDPOSITIVE>
              <AMOUNT>3269.48</AMOUNT>
            </ALLLEDGERENTRIES.LIST>
          </VOUCHER>
        </TALLYMESSAGE>
        <TALLYMESSAGE xmlns:UDF="TallyUDF">
          <VOUCHER VCHTYPE="Sales" ACTION="Create">
            <DATE>20250516</DATE>
            <DISPLAYDATE>16-05-2025</DISPLAYDATE>
            <PERSISTEDVIEW>Accounting Voucher View</PERSISTEDVIEW>
            <VOUCHERTYPENAME>Sales</VOUCHERTYPENAME>
            <VOUCHERNUMBER>SL-00320</VOUCHERNUMBER>
            <NARRATION>Sales entry generated for 2025-05-16</NARRATION>
            <ALLLEDGERENTRIES.LIST>
              <LEDGERNAME>Sales</LEDGERNAME>
              <ISDEEMEDPOSITIVE>No</ISDEEMEDPOSITIVE>
              <AMOUNT>-2227.07</AMOUNT>
            </ALLLEDGERENTRIES.LIST>
            <ALLLEDGERENTRIES.LIST>
              <LEDGERNAME>Cash</LEDGERNAME>
              <ISDEEMEDPOSITIVE>Yes</ISDEEMEDPOSITIVE>
              <AMOUNT>2227.07</AMOUNT>
            </ALLLEDGERENTRIES.LIST>
          </VOUCHER>
        </TALLYMESSAGE>
        <TALLYMESSAGE xmlns:UDF="TallyUDF">
          <VOUCHER VCHTYPE="Sales" ACTION="Create">
            <DATE>20250517</DATE>
            <DISPLAYDATE>17-05-2025</DISPLAYDATE>
            <PERSISTEDVIEW>Accounting Voucher View</PERSISTEDVIEW>
            <VOUCHERTYPENAME>Sales</VOUCHERTYPENAME>
            <VOUCHERNUMBER>SL-00321</VOUCHERNUMBER>
            <NARRATION>Sales entry generated for 2025-05-17</NARRATION>
            <ALLLEDGERENTRIES.LIST>
              <LEDGERNAME>Sales</LEDGERNAME>
              <ISDEEMEDPOSITIVE>No</ISDEEMEDPOSITIVE>
              <AMOUNT>-2388.34</AMOUNT>
            </ALLLEDGERENTRIES.LIST>
            <ALLLEDGERENTRIES.LIST>
              <LEDGERNAME>Cash</LEDGERNAME>
              <ISDEEMEDPOSITIVE>Yes</ISDEEMEDPOSITIVE>
              <AMOUNT>2388.34</AMOUNT>
            </ALLLEDGERENTRIES.LIST>
          </VOUCHER>
        </TALLYMESSAGE>
        <TALLYMESSAGE xmlns:UDF="TallyUDF">
          <VOUCHER VCHTYPE="Sales" ACTION="Create">
            <DATE>20250518</DATE>
            <DISPLAYDATE>18-05-2025</DISPLAYDATE>
            <PERSISTEDVIEW>Accounting Voucher View</PERSISTEDVIEW>
            <VOUCHERTYPENAME>Sales</VOUCHERTYPENAME>
            <VOUCHERNUMBER>SL-00322</VOUCHERNUMBER>
            <NARRATION>Sales entry generated for 2025-05-18</NARRATION>
            <ALLLEDGERENTRIES.LIST>
              <LEDGERNAME>Sales</LEDGERNAME>
              <ISDEEMEDPOSITIVE>No</ISDEEMEDPOSITIVE>
              <AMOUNT>-2800.15</AMOUNT>
            </ALLLEDGERENTRIES.LIST>
            <ALLLEDGERENTRIES.LIST>
              <LEDGERNAME>Cash</LEDGERNAME>
              <ISDEEMEDPOSITIVE>Yes</ISDEEMEDPOSITIVE>
              <AMOUNT>2800.15</AMOUNT>
            </ALLLEDGERENTRIES.LIST>
          </VOUCHER>
        </TALLYMESSAGE>
        <TALLYMESSAGE xmlns:UDF="TallyUDF">
          <VOUCHER VCHTYPE="Sales" ACTION="Create">
            <DATE>20250519</DATE>
            <DISPLAYDATE>19-05-2025</DISPLAYDATE>
            <PERSISTEDVIEW>Accounting Voucher View</PERSISTEDVIEW>
            <VOUCHERTYPENAME>Sales</VOUCHERTYPENAME>
            <VOUCHERNUMBER>SL-00323</VOUCHERNUMBER>
            <NARRATION>Sales entry generated for 2025-05-19</NARRATION>
            <ALLLEDGERENTRIES.LIST>
              <LEDGERNAME>Sales</LEDGERNAME>
              <ISDEEMEDPOSITIVE>No</ISDEEMEDPOSITIVE>
              <AMOUNT>-2908.11</AMOUNT>
            </ALLLEDGERENTRIES.LIST>
            <ALLLEDGERENTRIES.LIST>
              <LEDGERNAME>Cash</LEDGERNAME>
              <ISDEEMEDPOSITIVE>Yes</ISDEEMEDPOSITIVE>
              <AMOUNT>2908.11</AMOUNT>
            </ALLLEDGERENTRIES.LIST>
          </VOUCHER>
        </TALLYMESSAGE>
        <TALLYMESSAGE xmlns:UDF="TallyUDF">
          <VOUCHER VCHTYPE="Sales" ACTION="Create">
            <DATE>20250520</DATE>
            <DISPLAYDATE>20-05-2025</DISPLAYDATE>
            <PERSISTEDVIEW>Accounting Voucher View</PERSISTEDVIEW>
            <VOUCHERTYPENAME>Sales</VOUCHERTYPENAME>
            <VOUCHERNUMBER>SL-00324</VOUCHERNUMBER>
            <NARRATION>Sales entry generated for 2025-05-20</NARRATION>
            <ALLLEDGERENTRIES.LIST>
              <LEDGERNAME>Sales</LEDGERNAME>
              <ISDEEMEDPOSITIVE>No</ISDEEMEDPOSITIVE>
              <AMOUNT>-2095.89</AMOUNT>
            </ALLLEDGERENTRIES.LIST>
            <ALLLEDGERENTRIES.LIST>
              <LEDGERNAME>Cash</LEDGERNAME>
              <ISDEEMEDPOSITIVE>Yes</ISDEEMEDPOSITIVE>
              <AMOUNT>2095.89</AMOUNT>
            </ALLLEDGERENTRIES.LIST>
          </VOUCHER>
        </TALLYMESSAGE>
        <TALLYMESSAGE xmlns:UDF="TallyUDF">
          <VOUCHER VCHTYPE="Sales" ACTION="Create">
            <DATE>20250521</DATE>
            <DISPLAYDATE>21-05-2025</DISPLAYDATE>
            <PERSISTEDVIEW>Accounting Voucher View</PERSISTEDVIEW>
            <VOUCHERTYPENAME>Sales</VOUCHERTYPENAME>
            <VOUCHERNUMBER>SL-00325</VOUCHERNUMBER>
            <NARRATION>Sales entry generated for 2025-05-21</NARRATION>
            <ALLLEDGERENTRIES.LIST>
              <LEDGERNAME>Sales</LEDGERNAME>
              <ISDEEMEDPOSITIVE>No</ISDEEMEDPOSITIVE>
              <AMOUNT>-2115.30</AMOUNT>
            </ALLLEDGERENTRIES.LIST>
            <ALLLEDGERENTRIES.LIST>
              <LEDGERNAME>Cash</LEDGERNAME>
              <ISDEEMEDPOSITIVE>Yes</ISDEEMEDPOSITIVE>
              <AMOUNT>2115.30</AMOUNT>
            </ALLLEDGERENTRIES.LIST>
          </VOUCHER>
        </TALLYMESSAGE>
        <TALLYMESSAGE xmlns:UDF="TallyUDF">
          <VOUCHER VCHTYPE="Sales" ACTION="Create">
            <DATE>20250522</DATE>
            <DISPLAYDATE>22-05-2025</DISPLAYDATE>
            <PERSISTEDVIEW>Accounting Voucher View</PERSISTEDVIEW>
            <VOUCHERTYPENAME>Sales</VOUCHERTYPENAME>
            <VOUCHERNUMBER>SL-00326</VOUCHERNUMBER>
            <NARRATION>Sales entry generated for 2025-05-22</NARRATION>
            <ALLLEDGERENTRIES.LIST>
              <LEDGERNAME>Sales</LEDGERNAME>
              <ISDEEMEDPOSITIVE>No</ISDEEMEDPOSITIVE>
              <AMOUNT>-2769.87</AMOUNT>
            </ALLLEDGERENTRIES.LIST>
            <ALLLEDGERENTRIES.LIST>
              <LEDGERNAME>Cash</LEDGERNAME>
              <ISDEEMEDPOSITIVE>Yes</ISDEEMEDPOSITIVE>
              <AMOUNT>2769.87</AMOUNT>
            </ALLLEDGERENTRIES.LIST>
          </VOUCHER>
        </TALLYMESSAGE>
        <TALLYMESSAGE xmlns:UDF="TallyUDF">
          <VOUCHER VCHTYPE="Sales" ACTION="Create">
            <DATE>20250523</DATE>
            <DISPLAYDATE>23-05-2025</DISPLAYDATE>
            <PERSISTEDVIEW>Accounting Voucher View</PERSISTEDVIEW>
            <VOUCHERTYPENAME>Sales</VOUCHERTYPENAME>
            <VOUCHERNUMBER>SL-00327</VOUCHERNUMBER>
            <NARRATION>Sales entry generated for 2025-05-23</NARRATION>
            <ALLLEDGERENTRIES.LIST>
              <LEDGERNAME>Sales</LEDGERNAME>
              <ISDEEMEDPOSITIVE>No</ISDEEMEDPOSITIVE>
              <AMOUNT>-2815.56</AMOUNT>
            </ALLLEDGERENTRIES.LIST>
            <ALLLEDGERENTRIES.LIST>
              <LEDGERNAME>Cash</LEDGERNAME>
              <ISDEEMEDPOSITIVE>Yes</ISDEEMEDPOSITIVE>
              <AMOUNT>2815.56</AMOUNT>
            </ALLLEDGERENTRIES.LIST>
          </VOUCHER>
        </TALLYMESSAGE>
        <TALLYMESSAGE xmlns:UDF="TallyUDF">
          <VOUCHER VCHTYPE="Sales" ACTION="Create">
            <DATE>20250524</DATE>
            <DISPLAYDATE>24-05-2025</DISPLAYDATE>
            <PERSISTEDVIEW>Accounting Voucher View</PERSISTEDVIEW>
            <VOUCHERTYPENAME>Sales</VOUCHERTYPENAME>
            <VOUCHERNUMBER>SL-00328</VOUCHERNUMBER>
            <NARRATION>Sales entry generated for 2025-05-24</NARRATION>
            <ALLLEDGERENTRIES.LIST>
              <LEDGERNAME>Sales</LEDGERNAME>
              <ISDEEMEDPOSITIVE>No</ISDEEMEDPOSITIVE>
              <AMOUNT>-2908.30</AMOUNT>
            </ALLLEDGERENTRIES.LIST>
            <ALLLEDGERENTRIES.LIST>
              <LEDGERNAME>Cash</LEDGERNAME>
              <ISDEEMEDPOSITIVE>Yes</ISDEEMEDPOSITIVE>
              <AMOUNT>2908.30</AMOUNT>
            </ALLLEDGERENTRIES.LIST>
          </VOUCHER>
        </TALLYMESSAGE>
        <TALLYMESSAGE xmlns:UDF="TallyUDF">
          <VOUCHER VCHTYPE="Sales" ACTION="Create">
            <DATE>20250525</DATE>
            <DISPLAYDATE>25-05-2025</DISPLAYDATE>
            <PERSISTEDVIEW>Accounting Voucher View</PERSISTEDVIEW>
            <VOUCHERTYPENAME>Sales</VOUCHERTYPENAME>
            <VOUCHERNUMBER>SL-00329</VOUCHERNUMBER>
            <NARRATION>Sales entry generated for 2025-05-25</NARRATION>
            <ALLLEDGERENTRIES.LIST>
              <LEDGERNAME>Sales</LEDGERNAME>
              <ISDEEMEDPOSITIVE>No</ISDEEMEDPOSITIVE>
              <AMOUNT>-2178.48</AMOUNT>
            </ALLLEDGERENTRIES.LIST>
            <ALLLEDGERENTRIES.LIST>
              <LEDGERNAME>Cash</LEDGERNAME>
              <ISDEEMEDPOSITIVE>Yes</ISDEEMEDPOSITIVE>
              <AMOUNT>2178.48</AMOUNT>
            </ALLLEDGERENTRIES.LIST>
          </VOUCHER>
        </TALLYMESSAGE>
        <TALLYMESSAGE xmlns:UDF="TallyUDF">
          <VOUCHER VCHTYPE="Sales" ACTION="Create">
            <DATE>20250526</DATE>
            <DISPLAYDATE>26-05-2025</DISPLAYDATE>
            <PERSISTEDVIEW>Accounting Voucher View</PERSISTEDVIEW>
            <VOUCHERTYPENAME>Sales</VOUCHERTYPENAME>
            <VOUCHERNUMBER>SL-00330</VOUCHERNUMBER>
            <NARRATION>Sales entry generated for 2025-05-26</NARRATION>
            <ALLLEDGERENTRIES.LIST>
              <LEDGERNAME>Sales</LEDGERNAME>
              <ISDEEMEDPOSITIVE>No</ISDEEMEDPOSITIVE>
              <AMOUNT>-2519.46</AMOUNT>
            </ALLLEDGERENTRIES.LIST>
            <ALLLEDGERENTRIES.LIST>
              <LEDGERNAME>Cash</LEDGERNAME>
              <ISDEEMEDPOSITIVE>Yes</ISDEEMEDPOSITIVE>
              <AMOUNT>2519.46</AMOUNT>
            </ALLLEDGERENTRIES.LIST>
          </VOUCHER>
        </TALLYMESSAGE>
        <TALLYMESSAGE xmlns:UDF="TallyUDF">
          <VOUCHER VCHTYPE="Sales" ACTION="Create">
            <DATE>20250527</DATE>
            <DISPLAYDATE>27-05-2025</DISPLAYDATE>
            <PERSISTEDVIEW>Accounting Voucher View</PERSISTEDVIEW>
            <VOUCHERTYPENAME>Sales</VOUCHERTYPENAME>
            <VOUCHERNUMBER>SL-00331</VOUCHERNUMBER>
            <NARRATION>Sales entry generated for 2025-05-27</NARRATION>
            <ALLLEDGERENTRIES.LIST>
              <LEDGERNAME>Sales</LEDGERNAME>
              <ISDEEMEDPOSITIVE>No</ISDEEMEDPOSITIVE>
              <AMOUNT>-3485.94</AMOUNT>
            </ALLLEDGERENTRIES.LIST>
            <ALLLEDGERENTRIES.LIST>
              <LEDGERNAME>Cash</LEDGERNAME>
              <ISDEEMEDPOSITIVE>Yes</ISDEEMEDPOSITIVE>
              <AMOUNT>3485.94</AMOUNT>
            </ALLLEDGERENTRIES.LIST>
          </VOUCHER>
        </TALLYMESSAGE>
        <TALLYMESSAGE xmlns:UDF="TallyUDF">
          <VOUCHER VCHTYPE="Sales" ACTION="Create">
            <DATE>20250528</DATE>
            <DISPLAYDATE>28-05-2025</DISPLAYDATE>
            <PERSISTEDVIEW>Accounting Voucher View</PERSISTEDVIEW>
            <VOUCHERTYPENAME>Sales</VOUCHERTYPENAME>
            <VOUCHERNUMBER>SL-00332</VOUCHERNUMBER>
            <NARRATION>Sales entry generated for 2025-05-28</NARRATION>
            <ALLLEDGERENTRIES.LIST>
              <LEDGERNAME>Sales</LEDGERNAME>
              <ISDEEMEDPOSITIVE>No</ISDEEMEDPOSITIVE>
              <AMOUNT>-2786.11</AMOUNT>
            </ALLLEDGERENTRIES.LIST>
            <ALLLEDGERENTRIES.LIST>
              <LEDGERNAME>Cash</LEDGERNAME>
              <ISDEEMEDPOSITIVE>Yes</ISDEEMEDPOSITIVE>
              <AMOUNT>2786.11</AMOUNT>
            </ALLLEDGERENTRIES.LIST>
          </VOUCHER>
        </TALLYMESSAGE>
        <TALLYMESSAGE xmlns:UDF="TallyUDF">
          <VOUCHER VCHTYPE="Sales" ACTION="Create">
            <DATE>20250529</DATE>
            <DISPLAYDATE>29-05-2025</DISPLAYDATE>
            <PERSISTEDVIEW>Accounting Voucher View</PERSISTEDVIEW>
            <VOUCHERTYPENAME>Sales</VOUCHERTYPENAME>
            <VOUCHERNUMBER>SL-00333</VOUCHERNUMBER>
            <NARRATION>Sales entry generated for 2025-05-29</NARRATION>
            <ALLLEDGERENTRIES.LIST>
              <LEDGERNAME>Sales</LEDGERNAME>
              <ISDEEMEDPOSITIVE>No</ISDEEMEDPOSITIVE>
              <AMOUNT>-2740.58</AMOUNT>
            </ALLLEDGERENTRIES.LIST>
            <ALLLEDGERENTRIES.LIST>
              <LEDGERNAME>Cash</LEDGERNAME>
              <ISDEEMEDPOSITIVE>Yes</ISDEEMEDPOSITIVE>
              <AMOUNT>2740.58</AMOUNT>
            </ALLLEDGERENTRIES.LIST>
          </VOUCHER>
        </TALLYMESSAGE>
        <TALLYMESSAGE xmlns:UDF="TallyUDF">
          <VOUCHER VCHTYPE="Sales" ACTION="Create">
            <DATE>20250530</DATE>
            <DISPLAYDATE>30-05-2025</DISPLAYDATE>
            <PERSISTEDVIEW>Accounting Voucher View</PERSISTEDVIEW>
            <VOUCHERTYPENAME>Sales</VOUCHERTYPENAME>
            <VOUCHERNUMBER>SL-00334</VOUCHERNUMBER>
            <NARRATION>Sales entry generated for 2025-05-30</NARRATION>
            <ALLLEDGERENTRIES.LIST>
              <LEDGERNAME>Sales</LEDGERNAME>
              <ISDEEMEDPOSITIVE>No</ISDEEMEDPOSITIVE>
              <AMOUNT>-3454.70</AMOUNT>
            </ALLLEDGERENTRIES.LIST>
            <ALLLEDGERENTRIES.LIST>
              <LEDGERNAME>Cash</LEDGERNAME>
              <ISDEEMEDPOSITIVE>Yes</ISDEEMEDPOSITIVE>
              <AMOUNT>3454.70</AMOUNT>
            </ALLLEDGERENTRIES.LIST>
          </VOUCHER>
        </TALLYMESSAGE>
        <TALLYMESSAGE xmlns:UDF="TallyUDF">
          <VOUCHER VCHTYPE="Sales" ACTION="Create">
            <DATE>20250531</DATE>
            <DISPLAYDATE>31-05-2025</DISPLAYDATE>
            <PERSISTEDVIEW>Accounting Voucher View</PERSISTEDVIEW>
            <VOUCHERTYPENAME>Sales</VOUCHERTYPENAME>
            <VOUCHERNUMBER>SL-00335</VOUCHERNUMBER>
            <NARRATION>Sales entry generated for 2025-05-31</NARRATION>
            <ALLLEDGERENTRIES.LIST>
              <LEDGERNAME>Sales</LEDGERNAME>
              <ISDEEMEDPOSITIVE>No</ISDEEMEDPOSITIVE>
              <AMOUNT>-2638.86</AMOUNT>
            </ALLLEDGERENTRIES.LIST>
            <ALLLEDGERENTRIES.LIST>
              <LEDGERNAME>Cash</LEDGERNAME>
              <ISDEEMEDPOSITIVE>Yes</ISDEEMEDPOSITIVE>
              <AMOUNT>2638.86</AMOUNT>
            </ALLLEDGERENTRIES.LIST>
          </VOUCHER>
        </TALLYMESSAGE>
        <TALLYMESSAGE xmlns:UDF="TallyUDF">
          <VOUCHER VCHTYPE="Sales" ACTION="Create">
            <DATE>20250601</DATE>
            <DISPLAYDATE>01-06-2025</DISPLAYDATE>
            <PERSISTEDVIEW>Accounting Voucher View</PERSISTEDVIEW>
            <VOUCHERTYPENAME>Sales</VOUCHERTYPENAME>
            <VOUCHERNUMBER>SL-00336</VOUCHERNUMBER>
            <NARRATION>Sales entry generated for 2025-06-01</NARRATION>
            <ALLLEDGERENTRIES.LIST>
              <LEDGERNAME>Sales</LEDGERNAME>
              <ISDEEMEDPOSITIVE>No</ISDEEMEDPOSITIVE>
              <AMOUNT>-3328.33</AMOUNT>
            </ALLLEDGERENTRIES.LIST>
            <ALLLEDGERENTRIES.LIST>
              <LEDGERNAME>Cash</LEDGERNAME>
              <ISDEEMEDPOSITIVE>Yes</ISDEEMEDPOSITIVE>
              <AMOUNT>3328.33</AMOUNT>
            </ALLLEDGERENTRIES.LIST>
          </VOUCHER>
        </TALLYMESSAGE>
        <TALLYMESSAGE xmlns:UDF="TallyUDF">
          <VOUCHER VCHTYPE="Sales" ACTION="Create">
            <DATE>20250602</DATE>
            <DISPLAYDATE>02-06-2025</DISPLAYDATE>
            <PERSISTEDVIEW>Accounting Voucher View</PERSISTEDVIEW>
            <VOUCHERTYPENAME>Sales</VOUCHERTYPENAME>
            <VOUCHERNUMBER>SL-00337</VOUCHERNUMBER>
            <NARRATION>Sales entry generated for 2025-06-02</NARRATION>
            <ALLLEDGERENTRIES.LIST>
              <LEDGERNAME>Sales</LEDGERNAME>
              <ISDEEMEDPOSITIVE>No</ISDEEMEDPOSITIVE>
              <AMOUNT>-3200.61</AMOUNT>
            </ALLLEDGERENTRIES.LIST>
            <ALLLEDGERENTRIES.LIST>
              <LEDGERNAME>Cash</LEDGERNAME>
              <ISDEEMEDPOSITIVE>Yes</ISDEEMEDPOSITIVE>
              <AMOUNT>3200.61</AMOUNT>
            </ALLLEDGERENTRIES.LIST>
          </VOUCHER>
        </TALLYMESSAGE>
        <TALLYMESSAGE xmlns:UDF="TallyUDF">
          <VOUCHER VCHTYPE="Sales" ACTION="Create">
            <DATE>20250603</DATE>
            <DISPLAYDATE>03-06-2025</DISPLAYDATE>
            <PERSISTEDVIEW>Accounting Voucher View</PERSISTEDVIEW>
            <VOUCHERTYPENAME>Sales</VOUCHERTYPENAME>
            <VOUCHERNUMBER>SL-00338</VOUCHERNUMBER>
            <NARRATION>Sales entry generated for 2025-06-03</NARRATION>
            <ALLLEDGERENTRIES.LIST>
              <LEDGERNAME>Sales</LEDGERNAME>
              <ISDEEMEDPOSITIVE>No</ISDEEMEDPOSITIVE>
              <AMOUNT>-2023.82</AMOUNT>
            </ALLLEDGERENTRIES.LIST>
            <ALLLEDGERENTRIES.LIST>
              <LEDGERNAME>Cash</LEDGERNAME>
              <ISDEEMEDPOSITIVE>Yes</ISDEEMEDPOSITIVE>
              <AMOUNT>2023.82</AMOUNT>
            </ALLLEDGERENTRIES.LIST>
          </VOUCHER>
        </TALLYMESSAGE>
        <TALLYMESSAGE xmlns:UDF="TallyUDF">
          <VOUCHER VCHTYPE="Sales" ACTION="Create">
            <DATE>20250604</DATE>
            <DISPLAYDATE>04-06-2025</DISPLAYDATE>
            <PERSISTEDVIEW>Accounting Voucher View</PERSISTEDVIEW>
            <VOUCHERTYPENAME>Sales</VOUCHERTYPENAME>
            <VOUCHERNUMBER>SL-00339</VOUCHERNUMBER>
            <NARRATION>Sales entry generated for 2025-06-04</NARRATION>
            <ALLLEDGERENTRIES.LIST>
              <LEDGERNAME>Sales</LEDGERNAME>
              <ISDEEMEDPOSITIVE>No</ISDEEMEDPOSITIVE>
              <AMOUNT>-3421.70</AMOUNT>
            </ALLLEDGERENTRIES.LIST>
            <ALLLEDGERENTRIES.LIST>
              <LEDGERNAME>Cash</LEDGERNAME>
              <ISDEEMEDPOSITIVE>Yes</ISDEEMEDPOSITIVE>
              <AMOUNT>3421.70</AMOUNT>
            </ALLLEDGERENTRIES.LIST>
          </VOUCHER>
        </TALLYMESSAGE>
        <TALLYMESSAGE xmlns:UDF="TallyUDF">
          <VOUCHER VCHTYPE="Sales" ACTION="Create">
            <DATE>20250605</DATE>
            <DISPLAYDATE>05-06-2025</DISPLAYDATE>
            <PERSISTEDVIEW>Accounting Voucher View</PERSISTEDVIEW>
            <VOUCHERTYPENAME>Sales</VOUCHERTYPENAME>
            <VOUCHERNUMBER>SL-00340</VOUCHERNUMBER>
            <NARRATION>Sales entry generated for 2025-06-05</NARRATION>
            <ALLLEDGERENTRIES.LIST>
              <LEDGERNAME>Sales</LEDGERNAME>
              <ISDEEMEDPOSITIVE>No</ISDEEMEDPOSITIVE>
              <AMOUNT>-2351.98</AMOUNT>
            </ALLLEDGERENTRIES.LIST>
            <ALLLEDGERENTRIES.LIST>
              <LEDGERNAME>Cash</LEDGERNAME>
              <ISDEEMEDPOSITIVE>Yes</ISDEEMEDPOSITIVE>
              <AMOUNT>2351.98</AMOUNT>
            </ALLLEDGERENTRIES.LIST>
          </VOUCHER>
        </TALLYMESSAGE>
        <TALLYMESSAGE xmlns:UDF="TallyUDF">
          <VOUCHER VCHTYPE="Sales" ACTION="Create">
            <DATE>20250606</DATE>
            <DISPLAYDATE>06-06-2025</DISPLAYDATE>
            <PERSISTEDVIEW>Accounting Voucher View</PERSISTEDVIEW>
            <VOUCHERTYPENAME>Sales</VOUCHERTYPENAME>
            <VOUCHERNUMBER>SL-00341</VOUCHERNUMBER>
            <NARRATION>Sales entry generated for 2025-06-06</NARRATION>
            <ALLLEDGERENTRIES.LIST>
              <LEDGERNAME>Sales</LEDGERNAME>
              <ISDEEMEDPOSITIVE>No</ISDEEMEDPOSITIVE>
              <AMOUNT>-3626.63</AMOUNT>
            </ALLLEDGERENTRIES.LIST>
            <ALLLEDGERENTRIES.LIST>
              <LEDGERNAME>Cash</LEDGERNAME>
              <ISDEEMEDPOSITIVE>Yes</ISDEEMEDPOSITIVE>
              <AMOUNT>3626.63</AMOUNT>
            </ALLLEDGERENTRIES.LIST>
          </VOUCHER>
        </TALLYMESSAGE>
        <TALLYMESSAGE xmlns:UDF="TallyUDF">
          <VOUCHER VCHTYPE="Sales" ACTION="Create">
            <DATE>20250607</DATE>
            <DISPLAYDATE>07-06-2025</DISPLAYDATE>
            <PERSISTEDVIEW>Accounting Voucher View</PERSISTEDVIEW>
            <VOUCHERTYPENAME>Sales</VOUCHERTYPENAME>
            <VOUCHERNUMBER>SL-00342</VOUCHERNUMBER>
            <NARRATION>Sales entry generated for 2025-06-07</NARRATION>
            <ALLLEDGERENTRIES.LIST>
              <LEDGERNAME>Sales</LEDGERNAME>
              <ISDEEMEDPOSITIVE>No</ISDEEMEDPOSITIVE>
              <AMOUNT>-3218.45</AMOUNT>
            </ALLLEDGERENTRIES.LIST>
            <ALLLEDGERENTRIES.LIST>
              <LEDGERNAME>Cash</LEDGERNAME>
              <ISDEEMEDPOSITIVE>Yes</ISDEEMEDPOSITIVE>
              <AMOUNT>3218.45</AMOUNT>
            </ALLLEDGERENTRIES.LIST>
          </VOUCHER>
        </TALLYMESSAGE>
        <TALLYMESSAGE xmlns:UDF="TallyUDF">
          <VOUCHER VCHTYPE="Sales" ACTION="Create">
            <DATE>20250608</DATE>
            <DISPLAYDATE>08-06-2025</DISPLAYDATE>
            <PERSISTEDVIEW>Accounting Voucher View</PERSISTEDVIEW>
            <VOUCHERTYPENAME>Sales</VOUCHERTYPENAME>
            <VOUCHERNUMBER>SL-00343</VOUCHERNUMBER>
            <NARRATION>Sales entry generated for 2025-06-08</NARRATION>
            <ALLLEDGERENTRIES.LIST>
              <LEDGERNAME>Sales</LEDGERNAME>
              <ISDEEMEDPOSITIVE>No</ISDEEMEDPOSITIVE>
              <AMOUNT>-3141.60</AMOUNT>
            </ALLLEDGERENTRIES.LIST>
            <ALLLEDGERENTRIES.LIST>
              <LEDGERNAME>Cash</LEDGERNAME>
              <ISDEEMEDPOSITIVE>Yes</ISDEEMEDPOSITIVE>
              <AMOUNT>3141.60</AMOUNT>
            </ALLLEDGERENTRIES.LIST>
          </VOUCHER>
        </TALLYMESSAGE>
        <TALLYMESSAGE xmlns:UDF="TallyUDF">
          <VOUCHER VCHTYPE="Sales" ACTION="Create">
            <DATE>20250609</DATE>
            <DISPLAYDATE>09-06-2025</DISPLAYDATE>
            <PERSISTEDVIEW>Accounting Voucher View</PERSISTEDVIEW>
            <VOUCHERTYPENAME>Sales</VOUCHERTYPENAME>
            <VOUCHERNUMBER>SL-00344</VOUCHERNUMBER>
            <NARRATION>Sales entry generated for 2025-06-09</NARRATION>
            <ALLLEDGERENTRIES.LIST>
              <LEDGERNAME>Sales</LEDGERNAME>
              <ISDEEMEDPOSITIVE>No</ISDEEMEDPOSITIVE>
              <AMOUNT>-2075.52</AMOUNT>
            </ALLLEDGERENTRIES.LIST>
            <ALLLEDGERENTRIES.LIST>
              <LEDGERNAME>Cash</LEDGERNAME>
              <ISDEEMEDPOSITIVE>Yes</ISDEEMEDPOSITIVE>
              <AMOUNT>2075.52</AMOUNT>
            </ALLLEDGERENTRIES.LIST>
          </VOUCHER>
        </TALLYMESSAGE>
        <TALLYMESSAGE xmlns:UDF="TallyUDF">
          <VOUCHER VCHTYPE="Sales" ACTION="Create">
            <DATE>20250610</DATE>
            <DISPLAYDATE>10-06-2025</DISPLAYDATE>
            <PERSISTEDVIEW>Accounting Voucher View</PERSISTEDVIEW>
            <VOUCHERTYPENAME>Sales</VOUCHERTYPENAME>
            <VOUCHERNUMBER>SL-00345</VOUCHERNUMBER>
            <NARRATION>Sales entry generated for 2025-06-10</NARRATION>
            <ALLLEDGERENTRIES.LIST>
              <LEDGERNAME>Sales</LEDGERNAME>
              <ISDEEMEDPOSITIVE>No</ISDEEMEDPOSITIVE>
              <AMOUNT>-2199.33</AMOUNT>
            </ALLLEDGERENTRIES.LIST>
            <ALLLEDGERENTRIES.LIST>
              <LEDGERNAME>Cash</LEDGERNAME>
              <ISDEEMEDPOSITIVE>Yes</ISDEEMEDPOSITIVE>
              <AMOUNT>2199.33</AMOUNT>
            </ALLLEDGERENTRIES.LIST>
          </VOUCHER>
        </TALLYMESSAGE>
        <TALLYMESSAGE xmlns:UDF="TallyUDF">
          <VOUCHER VCHTYPE="Sales" ACTION="Create">
            <DATE>20250611</DATE>
            <DISPLAYDATE>11-06-2025</DISPLAYDATE>
            <PERSISTEDVIEW>Accounting Voucher View</PERSISTEDVIEW>
            <VOUCHERTYPENAME>Sales</VOUCHERTYPENAME>
            <VOUCHERNUMBER>SL-00346</VOUCHERNUMBER>
            <NARRATION>Sales entry generated for 2025-06-11</NARRATION>
            <ALLLEDGERENTRIES.LIST>
              <LEDGERNAME>Sales</LEDGERNAME>
              <ISDEEMEDPOSITIVE>No</ISDEEMEDPOSITIVE>
              <AMOUNT>-2165.00</AMOUNT>
            </ALLLEDGERENTRIES.LIST>
            <ALLLEDGERENTRIES.LIST>
              <LEDGERNAME>Cash</LEDGERNAME>
              <ISDEEMEDPOSITIVE>Yes</ISDEEMEDPOSITIVE>
              <AMOUNT>2165.00</AMOUNT>
            </ALLLEDGERENTRIES.LIST>
          </VOUCHER>
        </TALLYMESSAGE>
        <TALLYMESSAGE xmlns:UDF="TallyUDF">
          <VOUCHER VCHTYPE="Sales" ACTION="Create">
            <DATE>20250612</DATE>
            <DISPLAYDATE>12-06-2025</DISPLAYDATE>
            <PERSISTEDVIEW>Accounting Voucher View</PERSISTEDVIEW>
            <VOUCHERTYPENAME>Sales</VOUCHERTYPENAME>
            <VOUCHERNUMBER>SL-00347</VOUCHERNUMBER>
            <NARRATION>Sales entry generated for 2025-06-12</NARRATION>
            <ALLLEDGERENTRIES.LIST>
              <LEDGERNAME>Sales</LEDGERNAME>
              <ISDEEMEDPOSITIVE>No</ISDEEMEDPOSITIVE>
              <AMOUNT>-2194.68</AMOUNT>
            </ALLLEDGERENTRIES.LIST>
            <ALLLEDGERENTRIES.LIST>
              <LEDGERNAME>Cash</LEDGERNAME>
              <ISDEEMEDPOSITIVE>Yes</ISDEEMEDPOSITIVE>
              <AMOUNT>2194.68</AMOUNT>
            </ALLLEDGERENTRIES.LIST>
          </VOUCHER>
        </TALLYMESSAGE>
        <TALLYMESSAGE xmlns:UDF="TallyUDF">
          <VOUCHER VCHTYPE="Sales" ACTION="Create">
            <DATE>20250613</DATE>
            <DISPLAYDATE>13-06-2025</DISPLAYDATE>
            <PERSISTEDVIEW>Accounting Voucher View</PERSISTEDVIEW>
            <VOUCHERTYPENAME>Sales</VOUCHERTYPENAME>
            <VOUCHERNUMBER>SL-00348</VOUCHERNUMBER>
            <NARRATION>Sales entry generated for 2025-06-13</NARRATION>
            <ALLLEDGERENTRIES.LIST>
              <LEDGERNAME>Sales</LEDGERNAME>
              <ISDEEMEDPOSITIVE>No</ISDEEMEDPOSITIVE>
              <AMOUNT>-3000.82</AMOUNT>
            </ALLLEDGERENTRIES.LIST>
            <ALLLEDGERENTRIES.LIST>
              <LEDGERNAME>Cash</LEDGERNAME>
              <ISDEEMEDPOSITIVE>Yes</ISDEEMEDPOSITIVE>
              <AMOUNT>3000.82</AMOUNT>
            </ALLLEDGERENTRIES.LIST>
          </VOUCHER>
        </TALLYMESSAGE>
        <TALLYMESSAGE xmlns:UDF="TallyUDF">
          <VOUCHER VCHTYPE="Sales" ACTION="Create">
            <DATE>20250614</DATE>
            <DISPLAYDATE>14-06-2025</DISPLAYDATE>
            <PERSISTEDVIEW>Accounting Voucher View</PERSISTEDVIEW>
            <VOUCHERTYPENAME>Sales</VOUCHERTYPENAME>
            <VOUCHERNUMBER>SL-00349</VOUCHERNUMBER>
            <NARRATION>Sales entry generated for 2025-06-14</NARRATION>
            <ALLLEDGERENTRIES.LIST>
              <LEDGERNAME>Sales</LEDGERNAME>
              <ISDEEMEDPOSITIVE>No</ISDEEMEDPOSITIVE>
              <AMOUNT>-2769.20</AMOUNT>
            </ALLLEDGERENTRIES.LIST>
            <ALLLEDGERENTRIES.LIST>
              <LEDGERNAME>Cash</LEDGERNAME>
              <ISDEEMEDPOSITIVE>Yes</ISDEEMEDPOSITIVE>
              <AMOUNT>2769.20</AMOUNT>
            </ALLLEDGERENTRIES.LIST>
          </VOUCHER>
        </TALLYMESSAGE>
        <TALLYMESSAGE xmlns:UDF="TallyUDF">
          <VOUCHER VCHTYPE="Sales" ACTION="Create">
            <DATE>20250615</DATE>
            <DISPLAYDATE>15-06-2025</DISPLAYDATE>
            <PERSISTEDVIEW>Accounting Voucher View</PERSISTEDVIEW>
            <VOUCHERTYPENAME>Sales</VOUCHERTYPENAME>
            <VOUCHERNUMBER>SL-00350</VOUCHERNUMBER>
            <NARRATION>Sales entry generated for 2025-06-15</NARRATION>
            <ALLLEDGERENTRIES.LIST>
              <LEDGERNAME>Sales</LEDGERNAME>
              <ISDEEMEDPOSITIVE>No</ISDEEMEDPOSITIVE>
              <AMOUNT>-3635.71</AMOUNT>
            </ALLLEDGERENTRIES.LIST>
            <ALLLEDGERENTRIES.LIST>
              <LEDGERNAME>Cash</LEDGERNAME>
              <ISDEEMEDPOSITIVE>Yes</ISDEEMEDPOSITIVE>
              <AMOUNT>3635.71</AMOUNT>
            </ALLLEDGERENTRIES.LIST>
          </VOUCHER>
        </TALLYMESSAGE>
        <TALLYMESSAGE xmlns:UDF="TallyUDF">
          <VOUCHER VCHTYPE="Sales" ACTION="Create">
            <DATE>20250616</DATE>
            <DISPLAYDATE>16-06-2025</DISPLAYDATE>
            <PERSISTEDVIEW>Accounting Voucher View</PERSISTEDVIEW>
            <VOUCHERTYPENAME>Sales</VOUCHERTYPENAME>
            <VOUCHERNUMBER>SL-00351</VOUCHERNUMBER>
            <NARRATION>Sales entry generated for 2025-06-16</NARRATION>
            <ALLLEDGERENTRIES.LIST>
              <LEDGERNAME>Sales</LEDGERNAME>
              <ISDEEMEDPOSITIVE>No</ISDEEMEDPOSITIVE>
              <AMOUNT>-2713.25</AMOUNT>
            </ALLLEDGERENTRIES.LIST>
            <ALLLEDGERENTRIES.LIST>
              <LEDGERNAME>Cash</LEDGERNAME>
              <ISDEEMEDPOSITIVE>Yes</ISDEEMEDPOSITIVE>
              <AMOUNT>2713.25</AMOUNT>
            </ALLLEDGERENTRIES.LIST>
          </VOUCHER>
        </TALLYMESSAGE>
        <TALLYMESSAGE xmlns:UDF="TallyUDF">
          <VOUCHER VCHTYPE="Sales" ACTION="Create">
            <DATE>20250617</DATE>
            <DISPLAYDATE>17-06-2025</DISPLAYDATE>
            <PERSISTEDVIEW>Accounting Voucher View</PERSISTEDVIEW>
            <VOUCHERTYPENAME>Sales</VOUCHERTYPENAME>
            <VOUCHERNUMBER>SL-00352</VOUCHERNUMBER>
            <NARRATION>Sales entry generated for 2025-06-17</NARRATION>
            <ALLLEDGERENTRIES.LIST>
              <LEDGERNAME>Sales</LEDGERNAME>
              <ISDEEMEDPOSITIVE>No</ISDEEMEDPOSITIVE>
              <AMOUNT>-2696.58</AMOUNT>
            </ALLLEDGERENTRIES.LIST>
            <ALLLEDGERENTRIES.LIST>
              <LEDGERNAME>Cash</LEDGERNAME>
              <ISDEEMEDPOSITIVE>Yes</ISDEEMEDPOSITIVE>
              <AMOUNT>2696.58</AMOUNT>
            </ALLLEDGERENTRIES.LIST>
          </VOUCHER>
        </TALLYMESSAGE>
        <TALLYMESSAGE xmlns:UDF="TallyUDF">
          <VOUCHER VCHTYPE="Sales" ACTION="Create">
            <DATE>20250618</DATE>
            <DISPLAYDATE>18-06-2025</DISPLAYDATE>
            <PERSISTEDVIEW>Accounting Voucher View</PERSISTEDVIEW>
            <VOUCHERTYPENAME>Sales</VOUCHERTYPENAME>
            <VOUCHERNUMBER>SL-00353</VOUCHERNUMBER>
            <NARRATION>Sales entry generated for 2025-06-18</NARRATION>
            <ALLLEDGERENTRIES.LIST>
              <LEDGERNAME>Sales</LEDGERNAME>
              <ISDEEMEDPOSITIVE>No</ISDEEMEDPOSITIVE>
              <AMOUNT>-2390.75</AMOUNT>
            </ALLLEDGERENTRIES.LIST>
            <ALLLEDGERENTRIES.LIST>
              <LEDGERNAME>Cash</LEDGERNAME>
              <ISDEEMEDPOSITIVE>Yes</ISDEEMEDPOSITIVE>
              <AMOUNT>2390.75</AMOUNT>
            </ALLLEDGERENTRIES.LIST>
          </VOUCHER>
        </TALLYMESSAGE>
        <TALLYMESSAGE xmlns:UDF="TallyUDF">
          <VOUCHER VCHTYPE="Sales" ACTION="Create">
            <DATE>20250619</DATE>
            <DISPLAYDATE>19-06-2025</DISPLAYDATE>
            <PERSISTEDVIEW>Accounting Voucher View</PERSISTEDVIEW>
            <VOUCHERTYPENAME>Sales</VOUCHERTYPENAME>
            <VOUCHERNUMBER>SL-00354</VOUCHERNUMBER>
            <NARRATION>Sales entry generated for 2025-06-19</NARRATION>
            <ALLLEDGERENTRIES.LIST>
              <LEDGERNAME>Sales</LEDGERNAME>
              <ISDEEMEDPOSITIVE>No</ISDEEMEDPOSITIVE>
              <AMOUNT>-2710.83</AMOUNT>
            </ALLLEDGERENTRIES.LIST>
            <ALLLEDGERENTRIES.LIST>
              <LEDGERNAME>Cash</LEDGERNAME>
              <ISDEEMEDPOSITIVE>Yes</ISDEEMEDPOSITIVE>
              <AMOUNT>2710.83</AMOUNT>
            </ALLLEDGERENTRIES.LIST>
          </VOUCHER>
        </TALLYMESSAGE>
        <TALLYMESSAGE xmlns:UDF="TallyUDF">
          <VOUCHER VCHTYPE="Sales" ACTION="Create">
            <DATE>20250620</DATE>
            <DISPLAYDATE>20-06-2025</DISPLAYDATE>
            <PERSISTEDVIEW>Accounting Voucher View</PERSISTEDVIEW>
            <VOUCHERTYPENAME>Sales</VOUCHERTYPENAME>
            <VOUCHERNUMBER>SL-00355</VOUCHERNUMBER>
            <NARRATION>Sales entry generated for 2025-06-20</NARRATION>
            <ALLLEDGERENTRIES.LIST>
              <LEDGERNAME>Sales</LEDGERNAME>
              <ISDEEMEDPOSITIVE>No</ISDEEMEDPOSITIVE>
              <AMOUNT>-2762.24</AMOUNT>
            </ALLLEDGERENTRIES.LIST>
            <ALLLEDGERENTRIES.LIST>
              <LEDGERNAME>Cash</LEDGERNAME>
              <ISDEEMEDPOSITIVE>Yes</ISDEEMEDPOSITIVE>
              <AMOUNT>2762.24</AMOUNT>
            </ALLLEDGERENTRIES.LIST>
          </VOUCHER>
        </TALLYMESSAGE>
        <TALLYMESSAGE xmlns:UDF="TallyUDF">
          <VOUCHER VCHTYPE="Sales" ACTION="Create">
            <DATE>20250621</DATE>
            <DISPLAYDATE>21-06-2025</DISPLAYDATE>
            <PERSISTEDVIEW>Accounting Voucher View</PERSISTEDVIEW>
            <VOUCHERTYPENAME>Sales</VOUCHERTYPENAME>
            <VOUCHERNUMBER>SL-00356</VOUCHERNUMBER>
            <NARRATION>Sales entry generated for 2025-06-21</NARRATION>
            <ALLLEDGERENTRIES.LIST>
              <LEDGERNAME>Sales</LEDGERNAME>
              <ISDEEMEDPOSITIVE>No</ISDEEMEDPOSITIVE>
              <AMOUNT>-2270.94</AMOUNT>
            </ALLLEDGERENTRIES.LIST>
            <ALLLEDGERENTRIES.LIST>
              <LEDGERNAME>Cash</LEDGERNAME>
              <ISDEEMEDPOSITIVE>Yes</ISDEEMEDPOSITIVE>
              <AMOUNT>2270.94</AMOUNT>
            </ALLLEDGERENTRIES.LIST>
          </VOUCHER>
        </TALLYMESSAGE>
        <TALLYMESSAGE xmlns:UDF="TallyUDF">
          <VOUCHER VCHTYPE="Sales" ACTION="Create">
            <DATE>20250622</DATE>
            <DISPLAYDATE>22-06-2025</DISPLAYDATE>
            <PERSISTEDVIEW>Accounting Voucher View</PERSISTEDVIEW>
            <VOUCHERTYPENAME>Sales</VOUCHERTYPENAME>
            <VOUCHERNUMBER>SL-00357</VOUCHERNUMBER>
            <NARRATION>Sales entry generated for 2025-06-22</NARRATION>
            <ALLLEDGERENTRIES.LIST>
              <LEDGERNAME>Sales</LEDGERNAME>
              <ISDEEMEDPOSITIVE>No</ISDEEMEDPOSITIVE>
              <AMOUNT>-2932.35</AMOUNT>
            </ALLLEDGERENTRIES.LIST>
            <ALLLEDGERENTRIES.LIST>
              <LEDGERNAME>Cash</LEDGERNAME>
              <ISDEEMEDPOSITIVE>Yes</ISDEEMEDPOSITIVE>
              <AMOUNT>2932.35</AMOUNT>
            </ALLLEDGERENTRIES.LIST>
          </VOUCHER>
        </TALLYMESSAGE>
        <TALLYMESSAGE xmlns:UDF="TallyUDF">
          <VOUCHER VCHTYPE="Sales" ACTION="Create">
            <DATE>20250623</DATE>
            <DISPLAYDATE>23-06-2025</DISPLAYDATE>
            <PERSISTEDVIEW>Accounting Voucher View</PERSISTEDVIEW>
            <VOUCHERTYPENAME>Sales</VOUCHERTYPENAME>
            <VOUCHERNUMBER>SL-00358</VOUCHERNUMBER>
            <NARRATION>Sales entry generated for 2025-06-23</NARRATION>
            <ALLLEDGERENTRIES.LIST>
              <LEDGERNAME>Sales</LEDGERNAME>
              <ISDEEMEDPOSITIVE>No</ISDEEMEDPOSITIVE>
              <AMOUNT>-3650.82</AMOUNT>
            </ALLLEDGERENTRIES.LIST>
            <ALLLEDGERENTRIES.LIST>
              <LEDGERNAME>Cash</LEDGERNAME>
              <ISDEEMEDPOSITIVE>Yes</ISDEEMEDPOSITIVE>
              <AMOUNT>3650.82</AMOUNT>
            </ALLLEDGERENTRIES.LIST>
          </VOUCHER>
        </TALLYMESSAGE>
        <TALLYMESSAGE xmlns:UDF="TallyUDF">
          <VOUCHER VCHTYPE="Sales" ACTION="Create">
            <DATE>20250624</DATE>
            <DISPLAYDATE>24-06-2025</DISPLAYDATE>
            <PERSISTEDVIEW>Accounting Voucher View</PERSISTEDVIEW>
            <VOUCHERTYPENAME>Sales</VOUCHERTYPENAME>
            <VOUCHERNUMBER>SL-00359</VOUCHERNUMBER>
            <NARRATION>Sales entry generated for 2025-06-24</NARRATION>
            <ALLLEDGERENTRIES.LIST>
              <LEDGERNAME>Sales</LEDGERNAME>
              <ISDEEMEDPOSITIVE>No</ISDEEMEDPOSITIVE>
              <AMOUNT>-2972.65</AMOUNT>
            </ALLLEDGERENTRIES.LIST>
            <ALLLEDGERENTRIES.LIST>
              <LEDGERNAME>Cash</LEDGERNAME>
              <ISDEEMEDPOSITIVE>Yes</ISDEEMEDPOSITIVE>
              <AMOUNT>2972.65</AMOUNT>
            </ALLLEDGERENTRIES.LIST>
          </VOUCHER>
        </TALLYMESSAGE>
        <TALLYMESSAGE xmlns:UDF="TallyUDF">
          <VOUCHER VCHTYPE="Sales" ACTION="Create">
            <DATE>20250625</DATE>
            <DISPLAYDATE>25-06-2025</DISPLAYDATE>
            <PERSISTEDVIEW>Accounting Voucher View</PERSISTEDVIEW>
            <VOUCHERTYPENAME>Sales</VOUCHERTYPENAME>
            <VOUCHERNUMBER>SL-00360</VOUCHERNUMBER>
            <NARRATION>Sales entry generated for 2025-06-25</NARRATION>
            <ALLLEDGERENTRIES.LIST>
              <LEDGERNAME>Sales</LEDGERNAME>
              <ISDEEMEDPOSITIVE>No</ISDEEMEDPOSITIVE>
              <AMOUNT>-2576.13</AMOUNT>
            </ALLLEDGERENTRIES.LIST>
            <ALLLEDGERENTRIES.LIST>
              <LEDGERNAME>Cash</LEDGERNAME>
              <ISDEEMEDPOSITIVE>Yes</ISDEEMEDPOSITIVE>
              <AMOUNT>2576.13</AMOUNT>
            </ALLLEDGERENTRIES.LIST>
          </VOUCHER>
        </TALLYMESSAGE>
        <TALLYMESSAGE xmlns:UDF="TallyUDF">
          <VOUCHER VCHTYPE="Sales" ACTION="Create">
            <DATE>20250626</DATE>
            <DISPLAYDATE>26-06-2025</DISPLAYDATE>
            <PERSISTEDVIEW>Accounting Voucher View</PERSISTEDVIEW>
            <VOUCHERTYPENAME>Sales</VOUCHERTYPENAME>
            <VOUCHERNUMBER>SL-00361</VOUCHERNUMBER>
            <NARRATION>Sales entry generated for 2025-06-26</NARRATION>
            <ALLLEDGERENTRIES.LIST>
              <LEDGERNAME>Sales</LEDGERNAME>
              <ISDEEMEDPOSITIVE>No</ISDEEMEDPOSITIVE>
              <AMOUNT>-3514.26</AMOUNT>
            </ALLLEDGERENTRIES.LIST>
            <ALLLEDGERENTRIES.LIST>
              <LEDGERNAME>Cash</LEDGERNAME>
              <ISDEEMEDPOSITIVE>Yes</ISDEEMEDPOSITIVE>
              <AMOUNT>3514.26</AMOUNT>
            </ALLLEDGERENTRIES.LIST>
          </VOUCHER>
        </TALLYMESSAGE>
        <TALLYMESSAGE xmlns:UDF="TallyUDF">
          <VOUCHER VCHTYPE="Sales" ACTION="Create">
            <DATE>20250627</DATE>
            <DISPLAYDATE>27-06-2025</DISPLAYDATE>
            <PERSISTEDVIEW>Accounting Voucher View</PERSISTEDVIEW>
            <VOUCHERTYPENAME>Sales</VOUCHERTYPENAME>
            <VOUCHERNUMBER>SL-00362</VOUCHERNUMBER>
            <NARRATION>Sales entry generated for 2025-06-27</NARRATION>
            <ALLLEDGERENTRIES.LIST>
              <LEDGERNAME>Sales</LEDGERNAME>
              <ISDEEMEDPOSITIVE>No</ISDEEMEDPOSITIVE>
              <AMOUNT>-2984.83</AMOUNT>
            </ALLLEDGERENTRIES.LIST>
            <ALLLEDGERENTRIES.LIST>
              <LEDGERNAME>Cash</LEDGERNAME>
              <ISDEEMEDPOSITIVE>Yes</ISDEEMEDPOSITIVE>
              <AMOUNT>2984.83</AMOUNT>
            </ALLLEDGERENTRIES.LIST>
          </VOUCHER>
        </TALLYMESSAGE>
        <TALLYMESSAGE xmlns:UDF="TallyUDF">
          <VOUCHER VCHTYPE="Sales" ACTION="Create">
            <DATE>20250628</DATE>
            <DISPLAYDATE>28-06-2025</DISPLAYDATE>
            <PERSISTEDVIEW>Accounting Voucher View</PERSISTEDVIEW>
            <VOUCHERTYPENAME>Sales</VOUCHERTYPENAME>
            <VOUCHERNUMBER>SL-00363</VOUCHERNUMBER>
            <NARRATION>Sales entry generated for 2025-06-28</NARRATION>
            <ALLLEDGERENTRIES.LIST>
              <LEDGERNAME>Sales</LEDGERNAME>
              <ISDEEMEDPOSITIVE>No</ISDEEMEDPOSITIVE>
              <AMOUNT>-2683.26</AMOUNT>
            </ALLLEDGERENTRIES.LIST>
            <ALLLEDGERENTRIES.LIST>
              <LEDGERNAME>Cash</LEDGERNAME>
              <ISDEEMEDPOSITIVE>Yes</ISDEEMEDPOSITIVE>
              <AMOUNT>2683.26</AMOUNT>
            </ALLLEDGERENTRIES.LIST>
          </VOUCHER>
        </TALLYMESSAGE>
        <TALLYMESSAGE xmlns:UDF="TallyUDF">
          <VOUCHER VCHTYPE="Sales" ACTION="Create">
            <DATE>20250629</DATE>
            <DISPLAYDATE>29-06-2025</DISPLAYDATE>
            <PERSISTEDVIEW>Accounting Voucher View</PERSISTEDVIEW>
            <VOUCHERTYPENAME>Sales</VOUCHERTYPENAME>
            <VOUCHERNUMBER>SL-00364</VOUCHERNUMBER>
            <NARRATION>Sales entry generated for 2025-06-29</NARRATION>
            <ALLLEDGERENTRIES.LIST>
              <LEDGERNAME>Sales</LEDGERNAME>
              <ISDEEMEDPOSITIVE>No</ISDEEMEDPOSITIVE>
              <AMOUNT>-2267.77</AMOUNT>
            </ALLLEDGERENTRIES.LIST>
            <ALLLEDGERENTRIES.LIST>
              <LEDGERNAME>Cash</LEDGERNAME>
              <ISDEEMEDPOSITIVE>Yes</ISDEEMEDPOSITIVE>
              <AMOUNT>2267.77</AMOUNT>
            </ALLLEDGERENTRIES.LIST>
          </VOUCHER>
        </TALLYMESSAGE>
        <TALLYMESSAGE xmlns:UDF="TallyUDF">
          <VOUCHER VCHTYPE="Sales" ACTION="Create">
            <DATE>20250630</DATE>
            <DISPLAYDATE>30-06-2025</DISPLAYDATE>
            <PERSISTEDVIEW>Accounting Voucher View</PERSISTEDVIEW>
            <VOUCHERTYPENAME>Sales</VOUCHERTYPENAME>
            <VOUCHERNUMBER>SL-00365</VOUCHERNUMBER>
            <NARRATION>Sales entry generated for 2025-06-30</NARRATION>
            <ALLLEDGERENTRIES.LIST>
              <LEDGERNAME>Sales</LEDGERNAME>
              <ISDEEMEDPOSITIVE>No</ISDEEMEDPOSITIVE>
              <AMOUNT>-2519.96</AMOUNT>
            </ALLLEDGERENTRIES.LIST>
            <ALLLEDGERENTRIES.LIST>
              <LEDGERNAME>Cash</LEDGERNAME>
              <ISDEEMEDPOSITIVE>Yes</ISDEEMEDPOSITIVE>
              <AMOUNT>2519.96</AMOUNT>
            </ALLLEDGERENTRIES.LIST>
          </VOUCHER>
        </TALLYMESSAGE>
      </REQUESTDATA>
    </IMPORTDATA>
  </BODY>
</ENVELOPE>
